SecurityID,TradeTime,TradePrice,TradeQty,TradeAmount,BuyNo,SellNo,TradeIndex,ChannelNo,TradeBSFlag,BizIndex
600000,20220426092500010,7.840,100,784.000,107505,107515,2573,5,N,14374
600000,20220426092500010,7.840,300,2352.000,107505,152,2574,5,N,14375
600000,20220426092500010,7.840,300,2352.000,153262,152,2575,5,N,14376
600000,20220426092500010,7.840,100,784.000,65592,152,2576,5,N,14377
600000,20220426092500010,7.840,500,3920.000,83067,152,2577,5,N,14378
600000,20220426092500010,7.840,400,3136.000,83929,152,2578,5,N,14379
600000,20220426092500010,7.840,200,1568.000,101932,152,2579,5,N,14380
600000,20220426092500010,7.840,100,784.000,104840,152,2580,5,N,14381
600000,20220426092500010,7.840,300,2352.000,106609,152,2581,5,N,14382
600000,20220426092500010,7.840,100,784.000,107727,152,2582,5,N,14383
600000,20220426092500010,7.840,300,2352.000,107727,111601,2583,5,N,14384
600000,20220426092500010,7.840,100,784.000,107912,111601,2584,5,N,14385
600000,20220426092500010,7.840,100,784.000,107973,111601,2585,5,N,14386
600000,20220426092500010,7.840,100,784.000,114862,111601,2586,5,N,14387
600000,20220426092500010,7.840,100,784.000,122227,111601,2587,5,N,14388
600000,20220426092500010,7.840,100,784.000,127962,111601,2588,5,N,14389
600000,20220426092500010,7.840,100,784.000,130223,158320,2589,5,N,14390
600000,20220426092500010,7.840,100,784.000,148675,158320,2590,5,N,14391
600000,20220426092500010,7.840,500,3920.000,150460,158320,2591,5,N,14392
600000,20220426092500010,7.840,700,5488.000,151744,158320,2592,5,N,14393
600000,20220426092500010,7.840,100,784.000,154723,158320,2593,5,N,14394
600000,20220426092500010,7.840,600,4704.000,155009,158320,2594,5,N,14395
600000,20220426092500010,7.840,2100,16464.000,135495,158320,2595,5,N,14396
600000,20220426092500010,7.840,5100,39984.000,135495,69934,2596,5,N,14397
600000,20220426092500010,7.840,100,784.000,135991,69934,2597,5,N,14398
600000,20220426092500010,7.840,4400,34496.000,154529,69934,2598,5,N,14399
600000,20220426092500010,7.840,400,3136.000,79029,69934,2599,5,N,14400
600000,20220426092500010,7.840,100,784.000,79029,79414,2600,5,N,14401
600000,20220426092500010,7.840,500,3920.000,79029,135349,2601,5,N,14402
600000,20220426092500010,7.840,2000,15680.000,138790,135349,2602,5,N,14403
600000,20220426092500010,7.840,200,1568.000,157404,135349,2603,5,N,14404
600000,20220426092500010,7.840,500,3920.000,157410,135349,2604,5,N,14405
600000,20220426092500010,7.840,500,3920.000,157411,135349,2605,5,N,14406
600000,20220426092500010,7.840,100,784.000,157453,135349,2606,5,N,14407
600000,20220426092500010,7.840,200,1568.000,157933,135349,2607,5,N,14408
600000,20220426092500010,7.840,1300,10192.000,118652,135349,2608,5,N,14409
600000,20220426092500010,7.840,500,3920.000,142262,135349,2609,5,N,14410
600000,20220426092500010,7.840,1400,10976.000,67025,135349,2610,5,N,14411
600000,20220426092500010,7.840,4400,34496.000,67025,114717,2611,5,N,14412
600000,20220426092500010,7.840,4200,32928.000,67025,121904,2612,5,N,14413
600000,20220426092500010,7.840,1600,12544.000,149741,121904,2613,5,N,14414
600000,20220426092500010,7.840,6200,48608.000,149741,152120,2614,5,N,14415
600000,20220426092500010,7.840,3700,29008.000,149741,159859,2615,5,N,14416
600000,20220426092500010,7.840,1900,14896.000,149741,160034,2616,5,N,14417
600000,20220426092500010,7.840,1100,8624.000,149741,160247,2617,5,N,14418
600000,20220426092500010,7.840,1000,7840.000,149741,118650,2618,5,N,14419
600000,20220426092500010,7.840,100,784.000,149741,11882,2619,5,N,14420
600000,20220426092500010,7.840,300,2352.000,149741,13426,2620,5,N,14421
600000,20220426092500010,7.840,3900,30576.000,149741,32134,2621,5,N,14422
600000,20220426092500010,7.840,1100,8624.000,149741,56487,2622,5,N,14423
600000,20220426092500010,7.840,15100,118384.000,149741,57677,2623,5,N,14424
600000,20220426092500010,7.840,143,1121.120,149741,59913,2624,5,N,14425
600000,20220426092500010,7.840,100,784.000,149741,66461,2625,5,N,14426
600000,20220426092500010,7.840,100,784.000,149741,71830,2626,5,N,14427
600000,20220426092500010,7.840,300,2352.000,149741,108281,2627,5,N,14428
600000,20220426092500010,7.840,400,3136.000,149741,98887,2628,5,N,14429
600000,20220426092500010,7.840,6457,50622.880,149741,101706,2629,5,N,14430
600000,20220426092500010,7.840,100,784.000,48450,101706,2630,5,N,14431
600000,20220426092500010,7.840,100,784.000,96807,101706,2631,5,N,14432
600000,20220426092500010,7.840,1000,7840.000,113016,101706,2632,5,N,14433
600000,20220426092500010,7.840,500,3920.000,114845,101706,2633,5,N,14434
600000,20220426092500010,7.840,543,4257.120,119386,101706,2634,5,N,14435
600000,20220426092500010,7.840,4300,33712.000,119386,102437,2635,5,N,14436
600000,20220426092500010,7.840,1000,7840.000,119386,127621,2636,5,N,14437
600000,20220426092500010,7.840,5000,39200.000,119386,129546,2637,5,N,14438
600000,20220426092500010,7.840,100,784.000,119386,140584,2638,5,N,14439
600000,20220426092500010,7.840,100,784.000,119386,146898,2639,5,N,14440
600000,20220426092500010,7.840,200,1568.000,119386,25739,2640,5,N,14441
600000,20220426092500010,7.840,18757,147054.880,119386,67676,2641,5,N,14442
600000,20220426092500010,7.840,100,784.000,132215,67676,2642,5,N,14443
600000,20220426092500010,7.840,2000,15680.000,133286,67676,2643,5,N,14444
600000,20220426092500010,7.840,100,784.000,134165,67676,2644,5,N,14445
600000,20220426092500010,7.840,2443,19153.120,140217,67676,2645,5,N,14446
600000,20220426092500010,7.840,100,784.000,140217,154632,2646,5,N,14447
600000,20220426093000090,7.850,300,2355.000,161862,133939,30392,5,B,199630
600000,20220426093000350,7.850,700,5495.000,165834,133939,32231,5,B,205165
600000,20220426093000350,7.850,1000,7850.000,165834,162659,32232,5,B,205166
600000,20220426093000350,7.850,1100,8635.000,165834,165415,32233,5,B,205167
600000,20220426093000470,7.850,200,1570.000,165834,166282,32413,5,S,205754
600000,20220426093000470,7.840,300,2352.000,140217,166282,32414,5,S,205755
600000,20220426093000470,7.840,357,2798.880,140217,167239,32815,5,S,207041
600000,20220426093000470,7.840,1300,10192.000,152536,167239,32816,5,S,207042
600000,20220426093000470,7.840,843,6609.120,153770,167239,32817,5,S,207043
600000,20220426093000730,7.850,2000,15700.000,170331,167864,34049,5,B,211065
600000,20220426093002100,7.850,1000,7850.000,170331,187365,40172,5,S,233086
600000,20220426093002360,7.860,100,786.000,190564,11104,41168,5,B,237056
600000,20220426093002850,7.860,1500,11790.000,197563,11104,43608,5,B,246008
600000,20220426093003530,7.850,2000,15700.000,170331,206280,46687,5,S,257107
600000,20220426093003590,7.850,200,1570.000,170331,207633,47220,5,S,258843
600000,20220426093003720,7.850,2800,21980.000,170331,208295,47481,5,S,259715
600000,20220426093003720,7.850,100,785.000,176902,208295,47482,5,S,259716
600000,20220426093003720,7.850,100,785.000,178411,208295,47483,5,S,259717
600000,20220426093003840,7.860,500,3930.000,210698,11104,48226,5,B,262632
600000,20220426093003840,7.850,500,3925.000,178411,211333,48428,5,S,263408
600000,20220426093003840,7.850,500,3925.000,178968,211333,48429,5,S,263409
600000,20220426093003840,7.850,200,1570.000,183586,211333,48430,5,S,263410
600000,20220426093003840,7.850,100,785.000,185683,211333,48431,5,S,263411
600000,20220426093003840,7.850,500,3925.000,188074,211333,48432,5,S,263412
600000,20220426093003840,7.850,100,785.000,188312,211333,48433,5,S,263413
600000,20220426093003840,7.850,300,2355.000,192541,211333,48434,5,S,263414
600000,20220426093004510,7.850,1000,7850.000,192541,218619,51124,5,S,272785
600000,20220426093004510,7.850,900,7065.000,199322,218619,51125,5,S,272786
600000,20220426093004510,7.850,1800,14130.000,201039,218619,51126,5,S,272787
600000,20220426093004640,7.860,1000,7860.000,221206,11104,52009,5,B,276001
600000,20220426093004640,7.850,600,4710.000,201039,221207,52010,5,S,276002
600000,20220426093004890,7.850,1600,12560.000,201039,224058,53063,5,S,279612
600000,20220426093005140,7.850,200,1570.000,201039,227671,54300,5,S,284065
600000,20220426093005140,7.850,900,7065.000,201039,228068,54443,5,S,284540
600000,20220426093005140,7.850,2500,19625.000,201938,228068,54444,5,S,284541
600000,20220426093005140,7.850,100,785.000,201938,228437,54600,5,S,285007
600000,20220426093005140,7.850,100,785.000,201938,228438,54601,5,S,285008
600000,20220426093005140,7.850,200,1570.000,201938,228439,54602,5,S,285009
600000,20220426093005140,7.850,200,1570.000,201938,228515,54644,5,S,285101
600000,20220426093005140,7.850,100,785.000,201938,228553,54655,5,S,285143
600000,20220426093005530,7.850,100,785.000,201938,232570,56094,5,S,290147
600000,20220426093005530,7.850,200,1570.000,201938,233025,56255,5,S,290693
600000,20220426093005530,7.850,100,785.000,201938,233026,56256,5,S,290694
600000,20220426093005530,7.850,200,1570.000,201938,233027,56257,5,S,290695
600000,20220426093005860,7.850,300,2355.000,201938,236021,57322,5,S,294297
600000,20220426093005860,7.850,100,785.000,201938,236546,57542,5,S,294933
600000,20220426093005860,7.850,700,5495.000,201938,237215,57763,5,S,295712
600000,20220426093005980,7.850,100,785.000,201938,237419,57812,5,S,295949
600000,20220426093005980,7.850,100,785.000,202261,237419,57813,5,S,295950
600000,20220426093005980,7.850,200,1570.000,204177,237419,57814,5,S,295951
600000,20220426093005980,7.850,300,2355.000,204177,237420,57815,5,S,295952
600000,20220426093005980,7.850,400,3140.000,204177,237421,57816,5,S,295953
600000,20220426093005980,7.850,400,3140.000,204177,237422,57817,5,S,295954
600000,20220426093005980,7.850,500,3925.000,204177,237424,57819,5,S,295956
600000,20220426093005980,7.850,300,2355.000,204177,237702,57922,5,S,296300
600000,20220426093005980,7.850,400,3140.000,204177,237703,57923,5,S,296301
600000,20220426093005980,7.850,700,5495.000,204177,237704,57924,5,S,296302
600000,20220426093005980,7.850,100,785.000,204177,237946,58034,5,S,296635
600000,20220426093005980,7.850,400,3140.000,204177,237947,58035,5,S,296636
600000,20220426093005980,7.850,100,785.000,204177,237950,58038,5,S,296639
600000,20220426093006780,7.850,300,2355.000,204177,247414,61214,5,S,308266
600000,20220426093006780,7.850,1200,9420.000,204177,247424,61222,5,S,308277
600000,20220426093006780,7.850,100,785.000,204177,247425,61223,5,S,308278
600000,20220426093006780,7.850,300,2355.000,204177,247426,61224,5,S,308279
600000,20220426093006780,7.850,100,785.000,204177,247837,61373,5,S,308781
600000,20220426093006780,7.860,1900,14934.000,248197,11104,61497,5,B,309234
600000,20220426093006780,7.860,2000,15720.000,248197,80571,61498,5,B,309235
600000,20220426093006780,7.860,300,2358.000,248197,98750,61499,5,B,309236
600000,20220426093006900,7.850,200,1570.000,204177,249153,61811,5,S,310372
600000,20220426093007030,7.850,200,1570.000,204177,252013,62854,5,S,314014
600000,20220426093007550,7.850,1000,7850.000,204177,258229,65063,5,S,321877
600000,20220426093007550,7.850,800,6280.000,204177,258270,65080,5,S,321925
600000,20220426093007550,7.860,2700,21222.000,258406,98750,65130,5,B,322096
600000,20220426093007680,7.850,200,1570.000,204177,258653,65220,5,S,322410
600000,20220426093007680,7.850,200,1570.000,204177,258869,65318,5,S,322689
600000,20220426093007680,7.850,1000,7850.000,204177,259096,65427,5,S,322975
600000,20220426093007680,7.850,900,7065.000,204177,259097,65428,5,S,322976
600000,20220426093007680,7.850,700,5495.000,204177,259098,65429,5,S,322977
600000,20220426093007680,7.850,700,5495.000,204177,259515,65592,5,S,323487
600000,20220426093007680,7.850,1200,9420.000,204177,259516,65593,5,S,323488
600000,20220426093007680,7.850,500,3925.000,204177,259517,65594,5,S,323489
600000,20220426093007680,7.850,800,6280.000,204177,259519,65595,5,S,323491
600000,20220426093007790,7.850,400,3140.000,204177,260539,65922,5,S,324753
600000,20220426093007920,7.860,200,1572.000,261991,98750,66419,5,B,326532
600000,20220426093008190,7.850,3100,24335.000,204177,264244,67353,5,S,329459
600000,20220426093008190,7.850,100,785.000,204177,264622,67497,5,S,329958
600000,20220426093008190,7.850,400,3140.000,204177,264623,67498,5,S,329959
600000,20220426093008190,7.850,100,785.000,204177,264624,67499,5,S,329960
600000,20220426093008190,7.850,300,2355.000,204177,264625,67500,5,S,329961
600000,20220426093008190,7.850,200,1570.000,204177,264696,67565,5,S,330084
600000,20220426093008590,7.850,700,5495.000,204177,270577,69591,5,S,337463
600000,20220426093008590,7.850,700,5495.000,204177,270578,69592,5,S,337464
600000,20220426093008590,7.850,2200,17270.000,204177,270579,69593,5,S,337465
600000,20220426093008590,7.850,600,4710.000,204177,270580,69594,5,S,337466
600000,20220426093008710,7.850,100,785.000,204177,271566,69907,5,S,338685
600000,20220426093008830,7.850,600,4710.000,204177,273743,70680,5,S,341481
600000,20220426093008830,7.860,2100,16506.000,273844,98750,70713,5,B,341600
600000,20220426093008830,7.850,300,2355.000,204177,273909,70743,5,S,341692
600000,20220426093008970,7.860,1000,7860.000,274470,98750,70885,5,B,342364
600000,20220426093008970,7.850,500,3925.000,204177,274650,70964,5,S,342601
600000,20220426093009100,7.860,3000,23580.000,276181,98750,71512,5,B,344581
600000,20220426093009230,7.850,300,2355.000,204177,278481,72334,5,S,347576
600000,20220426093009230,7.850,200,1570.000,204177,278482,72335,5,S,347577
600000,20220426093009230,7.850,200,1570.000,204177,278483,72336,5,S,347578
600000,20220426093009390,7.860,6500,51090.000,279457,98750,72713,5,B,348844
600000,20220426093009450,7.850,800,6280.000,204177,279586,72737,5,S,348991
600000,20220426093009470,7.850,300,2355.000,204867,280375,73035,5,S,349990
600000,20220426093009470,7.850,100,785.000,205976,280375,73036,5,S,349991
600000,20220426093009470,7.850,1000,7850.000,208388,280375,73037,5,S,349992
600000,20220426093009470,7.850,1000,7850.000,211553,280375,73038,5,S,349993
600000,20220426093009470,7.850,600,4710.000,215305,280375,73039,5,S,349994
600000,20220426093009470,7.850,300,2355.000,229713,280375,73040,5,S,349995
600000,20220426093009470,7.850,5000,39250.000,232713,280375,73041,5,S,349996
600000,20220426093009470,7.850,200,1570.000,237570,280375,73042,5,S,349997
600000,20220426093009470,7.850,1500,11775.000,238728,280375,73043,5,S,349998
600000,20220426093009470,7.850,500,3925.000,242950,280375,73044,5,S,349999
600000,20220426093009470,7.850,2000,15700.000,243757,280375,73045,5,S,350000
600000,20220426093009470,7.850,500,3925.000,256751,280375,73046,5,S,350001
600000,20220426093009470,7.850,1000,7850.000,258312,280375,73047,5,S,350002
600000,20220426093009470,7.850,100,785.000,262820,280375,73048,5,S,350003
600000,20220426093009470,7.850,200,1570.000,263271,280375,73049,5,S,350004
600000,20220426093009470,7.850,5000,39250.000,266576,280375,73050,5,S,350005
600000,20220426093009470,7.850,300,2355.000,271857,280375,73051,5,S,350006
600000,20220426093009470,7.850,900,7065.000,274714,280375,73052,5,S,350007
600000,20220426093009470,7.850,1600,12560.000,275340,280375,73053,5,S,350008
600000,20220426093009470,7.850,400,3140.000,277414,280375,73054,5,S,350009
600000,20220426093009470,7.850,1000,7850.000,277434,280375,73055,5,S,350010
600000,20220426093009470,7.850,1000,7850.000,277851,280375,73056,5,S,350011
600000,20220426093009650,7.850,100,785.000,282720,280375,73992,5,B,353046
600000,20220426093009900,7.850,500,3925.000,286208,280375,75760,5,B,357991
600000,20220426093010020,7.840,1157,9070.880,153770,288415,76846,5,S,361202
600000,20220426093010020,7.840,2700,21168.000,153854,288415,76847,5,S,361203
600000,20220426093010020,7.840,400,3136.000,155043,288415,76848,5,S,361204
600000,20220426093010020,7.840,600,4704.000,157256,288415,76849,5,S,361205
600000,20220426093010020,7.840,500,3920.000,162157,288415,76850,5,S,361206
600000,20220426093010020,7.840,1500,11760.000,165130,288415,76851,5,S,361207
600000,20220426093010020,7.840,500,3920.000,172116,288415,76852,5,S,361208
600000,20220426093010020,7.840,500,3920.000,174152,288415,76853,5,S,361209
600000,20220426093010020,7.840,22143,173601.120,178193,288415,76854,5,S,361210
600000,20220426093010130,7.850,1900,14915.000,288927,280375,77209,5,B,362010
600000,20220426093010130,7.840,1300,10192.000,178193,289407,77448,5,S,362688
600000,20220426093010250,7.850,3000,23550.000,291558,280375,78397,5,B,365673
600000,20220426093010500,7.850,200,1570.000,293292,280375,79088,5,B,368034
600000,20220426093010500,7.850,100,785.000,293292,282374,79089,5,B,368035
600000,20220426093010500,7.850,200,1570.000,293292,282375,79090,5,B,368036
600000,20220426093010500,7.850,200,1570.000,293292,283135,79091,5,B,368037
600000,20220426093010630,7.850,200,1570.000,295325,283135,79990,5,B,370881
600000,20220426093011170,7.850,400,3140.000,301278,283135,82711,5,B,379319
600000,20220426093011170,7.850,1200,9420.000,301278,283142,82712,5,B,379320
600000,20220426093011170,7.850,600,4710.000,301529,283142,82813,5,B,379668
600000,20220426093011170,7.850,400,3140.000,301529,283152,82814,5,B,379669
600000,20220426093011780,7.850,200,1570.000,308100,283152,85749,5,B,388930
600000,20220426093011780,7.850,200,1570.000,308100,283153,85750,5,B,388931
600000,20220426093011980,7.840,1557,12206.880,178193,310029,86748,5,S,391753
600000,20220426093011980,7.840,500,3920.000,182344,310029,86749,5,S,391754
600000,20220426093011980,7.840,100,784.000,186982,310029,86750,5,S,391755
600000,20220426093011980,7.840,500,3920.000,188024,310029,86751,5,S,391756
600000,20220426093011980,7.840,2000,15680.000,191022,310029,86752,5,S,391757
600000,20220426093011980,7.840,100,784.000,191556,310029,86753,5,S,391758
600000,20220426093011980,7.840,43,337.120,194553,310029,86754,5,S,391759
600000,20220426093011980,7.840,1757,13774.880,194553,310064,86765,5,S,391807
600000,20220426093011980,7.840,1500,11760.000,194644,310064,86766,5,S,391808
600000,20220426093011980,7.840,2843,22289.120,200497,310064,86767,5,S,391809
600000,20220426093011980,7.840,1200,9408.000,200497,310079,86774,5,S,391833
600000,20220426093012020,7.840,100,784.000,200497,310546,86955,5,S,392431
600000,20220426093012020,7.840,100,784.000,200497,310547,86956,5,S,392432
600000,20220426093012070,7.840,100,784.000,200497,310905,87129,5,S,392971
600000,20220426093012070,7.840,900,7056.000,200497,310982,87187,5,S,393105
600000,20220426093012070,7.840,900,7056.000,200497,311051,87220,5,S,393208
600000,20220426093012070,7.840,2700,21168.000,200497,311092,87265,5,S,393273
600000,20220426093012070,7.840,1157,9070.880,200497,311093,87266,5,S,393274
600000,20220426093012070,7.840,1600,12544.000,203578,311093,87267,5,S,393275
600000,20220426093012070,7.840,600,4704.000,204903,311093,87268,5,S,393276
600000,20220426093012070,7.840,43,337.120,210244,311093,87269,5,S,393277
600000,20220426093012070,7.840,200,1568.000,210244,311094,87270,5,S,393278
600000,20220426093012070,7.840,2100,16464.000,210244,311095,87271,5,S,393279
600000,20220426093012070,7.840,1600,12544.000,210244,311096,87272,5,S,393281
600000,20220426093012070,7.840,2000,15680.000,210244,311097,87273,5,S,393283
600000,20220426093012070,7.840,900,7056.000,210244,311149,87308,5,S,393349
600000,20220426093012170,7.840,1500,11760.000,210244,312283,87839,5,S,395056
600000,20220426093012170,7.840,200,1568.000,210244,312322,87876,5,S,395124
600000,20220426093012170,7.840,200,1568.000,210244,312323,87877,5,S,395125
600000,20220426093012170,7.840,200,1568.000,210244,312325,87878,5,S,395127
600000,20220426093012170,7.850,1400,10990.000,312950,283153,88171,5,B,396061
600000,20220426093012170,7.850,6200,48670.000,312950,283154,88172,5,B,396062
600000,20220426093012170,7.850,500,3925.000,312950,283549,88173,5,B,396063
600000,20220426093012170,7.850,1400,10990.000,312950,287141,88174,5,B,396064
600000,20220426093012290,7.850,200,1570.000,314289,291971,88752,5,B,397896
600000,20220426093012290,7.850,500,3925.000,314289,292061,88753,5,B,397897
600000,20220426093012510,7.840,1257,9854.880,210244,316261,89597,5,S,400626
600000,20220426093012510,7.840,1000,7840.000,214236,316261,89598,5,S,400627
600000,20220426093012510,7.840,943,7393.120,220575,316261,89599,5,S,400628
600000,20220426093012510,7.840,2300,18032.000,220575,316262,89600,5,S,400629
600000,20220426093012930,7.850,500,3925.000,319732,292061,91148,5,B,405463
600000,20220426093012980,7.840,400,3136.000,220575,320054,91273,5,S,405910
600000,20220426093013000,7.850,100,785.000,320196,292627,91325,5,B,406113
600000,20220426093013000,7.850,300,2355.000,320196,292827,91326,5,B,406114
600000,20220426093013300,7.850,600,4710.000,321613,295143,91999,5,B,408236
600000,20220426093013300,7.850,800,6280.000,321613,295202,92000,5,B,408237
600000,20220426093013300,7.850,700,5495.000,321613,295205,92001,5,B,408238
600000,20220426093013300,7.850,700,5495.000,321613,295206,92002,5,B,408239
600000,20220426093013300,7.850,300,2355.000,321613,295207,92003,5,B,408240
600000,20220426093013690,7.840,100,784.000,220575,323085,92815,5,S,410605
600000,20220426093013690,7.840,400,3136.000,220575,323086,92816,5,S,410606
600000,20220426093013690,7.840,1157,9070.880,220575,323091,92819,5,S,410616
600000,20220426093013690,7.840,843,6609.120,221222,323091,92820,5,S,410617
600000,20220426093013750,7.840,3900,30576.000,221222,323564,93072,5,S,411384
600000,20220426093013800,7.840,100,784.000,221222,323716,93152,5,S,411618
600000,20220426093014020,7.850,600,4710.000,324542,295207,93568,5,B,412846
600000,20220426093014250,7.850,800,6280.000,325606,295207,94002,5,B,414449
600000,20220426093014250,7.850,200,1570.000,325606,295212,94003,5,B,414450
600000,20220426093014280,7.850,1900,14915.000,325700,295212,94031,5,B,414595
600000,20220426093014280,7.850,600,4710.000,325700,295298,94032,5,B,414596
600000,20220426093014280,7.850,1200,9420.000,325700,295304,94033,5,B,414597
600000,20220426093014280,7.850,300,2355.000,325700,296394,94034,5,B,414598
600000,20220426093014610,7.840,1500,11760.000,221222,326973,94666,5,S,416588
600000,20220426093014610,7.840,1300,10192.000,221222,326974,94667,5,S,416591
600000,20220426093015010,7.840,700,5488.000,221222,329612,95801,5,S,420311
600000,20220426093015010,7.840,400,3136.000,221222,330034,95989,5,S,420915
600000,20220426093015010,7.840,600,4704.000,221222,330035,95990,5,S,420916
600000,20220426093015010,7.840,200,1568.000,221222,330036,95991,5,S,420917
600000,20220426093015010,7.840,400,3136.000,221222,330037,95992,5,S,420918
600000,20220426093015010,7.840,500,3920.000,221222,330242,96087,5,S,421197
600000,20220426093015080,7.840,400,3136.000,221222,330640,96234,5,S,421710
600000,20220426093015080,7.840,800,6272.000,221222,330683,96283,5,S,421789
600000,20220426093015080,7.840,300,2352.000,221222,330684,96284,5,S,421790
600000,20220426093015080,7.840,1100,8624.000,221222,330686,96285,5,S,421792
600000,20220426093015080,7.840,1300,10192.000,221222,330687,96286,5,S,421793
600000,20220426093015080,7.840,1200,9408.000,221222,330689,96289,5,S,421796
600000,20220426093015080,7.840,57,446.880,221222,330747,96318,5,S,421871
600000,20220426093015080,7.840,243,1905.120,247396,330747,96319,5,S,421872
600000,20220426093015080,7.840,500,3920.000,247396,330912,96401,5,S,422145
600000,20220426093015080,7.850,1100,8635.000,331241,296394,96566,5,B,422654
600000,20220426093015080,7.850,2600,20410.000,331241,296734,96567,5,B,422655
600000,20220426093015080,7.850,900,7065.000,331241,301684,96568,5,B,422656
600000,20220426093015080,7.850,400,3140.000,331241,301686,96569,5,B,422657
600000,20220426093015080,7.850,1300,10205.000,331241,301687,96570,5,B,422658
600000,20220426093015080,7.850,1100,8635.000,331241,301688,96571,5,B,422659
600000,20220426093015080,7.850,300,2355.000,331241,301689,96572,5,B,422660
600000,20220426093015080,7.850,100,785.000,331241,310392,96573,5,B,422661
600000,20220426093015080,7.850,700,5495.000,331241,313266,96574,5,B,422662
600000,20220426093015080,7.850,100,785.000,331241,316260,96575,5,B,422663
600000,20220426093015080,7.850,400,3140.000,331241,322230,96576,5,B,422664
600000,20220426093015080,7.850,2800,21980.000,331241,322246,96577,5,B,422665
600000,20220426093015080,7.850,700,5495.000,331241,322247,96578,5,B,422666
600000,20220426093015080,7.850,300,2355.000,331241,322248,96579,5,B,422667
600000,20220426093015080,7.850,2000,15700.000,331241,323945,96580,5,B,422668
600000,20220426093015080,7.850,1000,7850.000,331241,324082,96581,5,B,422669
600000,20220426093015080,7.840,1000,7840.000,247396,331853,96803,5,S,423447
600000,20220426093015080,7.840,257,2014.880,247396,331944,96832,5,S,423559
600000,20220426093015080,7.840,643,5041.120,252415,331944,96833,5,S,423560
600000,20220426093015180,7.840,600,4704.000,252415,332487,97230,5,S,424466
600000,20220426093015180,7.840,600,4704.000,252415,332488,97231,5,S,424467
600000,20220426093015180,7.840,400,3136.000,252415,332489,97232,5,S,424468
600000,20220426093015180,7.850,200,1570.000,332911,328656,97506,5,B,425187
600000,20220426093015180,7.850,100,785.000,332911,328847,97507,5,B,425188
600000,20220426093015180,7.850,100,785.000,332911,329266,97508,5,B,425189
600000,20220426093015180,7.850,100,785.000,332911,329268,97509,5,B,425190
600000,20220426093015180,7.850,100,785.000,332911,329944,97510,5,B,425191
600000,20220426093015180,7.850,100,785.000,332911,330055,97511,5,B,425192
600000,20220426093015180,7.850,200,1570.000,332911,330224,97512,5,B,425193
600000,20220426093015180,7.850,100,785.000,332911,330421,97513,5,B,425194
600000,20220426093015180,7.850,100,785.000,332911,330931,97514,5,B,425195
600000,20220426093015360,7.850,400,3140.000,333499,333959,98254,5,S,426918
600000,20220426093015360,7.850,1200,9420.000,333499,333960,98255,5,S,426919
600000,20220426093015360,7.850,500,3925.000,333499,333961,98256,5,S,426920
600000,20220426093015360,7.850,100,785.000,333499,333976,98259,5,S,426935
600000,20220426093015700,7.850,100,785.000,333499,335567,99343,5,S,429614
600000,20220426093015840,7.860,4200,33012.000,336131,98750,99668,5,B,430543
600000,20220426093015840,7.860,3300,25938.000,336131,100104,99669,5,B,430544
600000,20220426093015840,7.850,200,1570.000,333499,336136,99672,5,S,430550
600000,20220426093015840,7.840,900,7056.000,252415,336136,99673,5,S,430551
600000,20220426093016420,7.850,900,7065.000,337892,337988,100987,5,S,433686
600000,20220426093016420,7.840,1100,8624.000,252415,337989,100988,5,S,433687
600000,20220426093016450,7.840,500,3920.000,252415,338015,100995,5,S,433721
600000,20220426093016450,7.840,500,3920.000,252415,338026,100997,5,S,433736
600000,20220426093016450,7.840,300,2352.000,252415,338034,100999,5,S,433747
600000,20220426093016450,7.840,800,6272.000,252415,338046,101002,5,S,433770
600000,20220426093016450,7.840,500,3920.000,252415,338047,101003,5,S,433771
600000,20220426093016450,7.840,900,7056.000,252415,338048,101004,5,S,433772
600000,20220426093016450,7.840,600,4704.000,252415,338049,101005,5,S,433773
600000,20220426093016450,7.840,300,2352.000,252415,338050,101006,5,S,433774
600000,20220426093016450,7.840,1200,9408.000,252415,338089,101018,5,S,433829
600000,20220426093016450,7.840,300,2352.000,252415,338090,101019,5,S,433830
600000,20220426093016450,7.840,200,1568.000,252415,338091,101020,5,S,433831
600000,20220426093016450,7.840,200,1568.000,252415,338092,101021,5,S,433832
600000,20220426093016810,7.840,200,1568.000,252415,339153,101913,5,S,435767
600000,20220426093016810,7.840,300,2352.000,252415,339173,101938,5,S,435807
600000,20220426093016810,7.840,1757,13774.880,252415,339174,101939,5,S,435808
600000,20220426093016810,7.840,543,4257.120,252949,339174,101940,5,S,435809
600000,20220426093016810,7.840,300,2352.000,252949,339175,101941,5,S,435810
600000,20220426093016810,7.840,1100,8624.000,252949,339177,101942,5,S,435812
600000,20220426093016810,7.840,57,446.880,252949,339181,101945,5,S,435818
600000,20220426093016810,7.840,243,1905.120,253929,339181,101946,5,S,435819
600000,20220426093016860,7.840,1100,8624.000,253929,339344,102054,5,S,436092
600000,20220426093017020,7.850,200,1570.000,339504,339801,102308,5,S,436791
600000,20220426093017020,7.850,100,785.000,339504,339804,102309,5,S,436794
600000,20220426093017540,7.850,100,785.000,339504,341041,103187,5,S,438906
600000,20220426093017540,7.850,100,785.000,339504,341066,103190,5,S,438931
600000,20220426093018080,7.850,200,1570.000,339504,345145,105205,5,S,444844
600000,20220426093018080,7.850,400,3140.000,339504,345146,105206,5,S,444845
600000,20220426093018080,7.850,200,1570.000,339504,345147,105207,5,S,444846
600000,20220426093018080,7.850,200,1570.000,339504,345148,105208,5,S,444847
600000,20220426093018080,7.850,100,785.000,339504,345161,105227,5,S,444867
600000,20220426093018080,7.850,500,3925.000,339504,345170,105233,5,S,444876
600000,20220426093018080,7.850,300,2355.000,339504,345171,105234,5,S,444877
600000,20220426093018080,7.850,600,4710.000,339504,345172,105235,5,S,444878
600000,20220426093018080,7.850,500,3925.000,339504,345175,105239,5,S,444882
600000,20220426093018080,7.850,100,785.000,339504,345176,105240,5,S,444883
600000,20220426093018080,7.850,100,785.000,339504,345177,105241,5,S,444884
600000,20220426093018080,7.850,100,785.000,339504,345178,105242,5,S,444885
600000,20220426093018080,7.850,100,785.000,339504,345179,105243,5,S,444886
600000,20220426093018080,7.850,100,785.000,339504,345180,105244,5,S,444887
600000,20220426093018080,7.850,200,1570.000,339504,345181,105245,5,S,444888
600000,20220426093018080,7.850,100,785.000,339504,345182,105246,5,S,444889
600000,20220426093018080,7.850,200,1570.000,339504,345183,105247,5,S,444890
600000,20220426093018210,7.850,3200,25120.000,339504,346532,106307,5,S,447330
600000,20220426093018630,7.850,8100,63585.000,339504,348259,107328,5,S,450004
600000,20220426093018630,7.850,300,2355.000,342124,348259,107329,5,S,450005
600000,20220426093018630,7.850,100,785.000,343292,348259,107330,5,S,450006
600000,20220426093018630,7.850,200,1570.000,343926,348259,107331,5,S,450007
600000,20220426093018630,7.850,100,785.000,344052,348259,107332,5,S,450008
600000,20220426093018630,7.850,100,785.000,344053,348259,107333,5,S,450009
600000,20220426093018630,7.850,200,1570.000,344055,348259,107334,5,S,450010
600000,20220426093018630,7.850,100,785.000,344090,348259,107335,5,S,450011
600000,20220426093018630,7.850,100,785.000,344144,348259,107336,5,S,450012
600000,20220426093018630,7.850,100,785.000,344230,348259,107337,5,S,450013
600000,20220426093018630,7.850,200,1570.000,344236,348259,107338,5,S,450014
600000,20220426093018630,7.850,200,1570.000,344401,348259,107339,5,S,450015
600000,20220426093018630,7.850,100,785.000,344432,348259,107340,5,S,450016
600000,20220426093018630,7.850,200,1570.000,344433,348259,107341,5,S,450017
600000,20220426093018630,7.850,200,1570.000,344439,348259,107342,5,S,450018
600000,20220426093018630,7.850,200,1570.000,345842,348259,107343,5,S,450019
600000,20220426093018630,7.850,1900,14915.000,345845,348259,107344,5,S,450020
600000,20220426093018630,7.850,100,785.000,346719,348259,107345,5,S,450021
600000,20220426093018630,7.850,200,1570.000,346902,348259,107346,5,S,450022
600000,20220426093018630,7.840,900,7056.000,253929,348259,107347,5,S,450023
600000,20220426093019110,7.860,1000,7860.000,349804,100104,108353,5,B,452580
600000,20220426093019680,7.850,200,1570.000,351249,351282,109236,5,S,454843
600000,20220426093019700,7.850,200,1570.000,351334,351282,109250,5,B,454910
600000,20220426093019700,7.850,100,785.000,351337,351282,109252,5,B,454913
600000,20220426093020120,7.840,400,3136.000,253929,352672,110074,5,S,456929
600000,20220426093020580,7.850,100,785.000,353805,351282,110940,5,B,458870
600000,20220426093020580,7.850,900,7065.000,353805,351641,110941,5,B,458871
600000,20220426093020580,7.850,200,1570.000,353805,351899,110942,5,B,458872
600000,20220426093020970,7.840,300,2352.000,253929,356614,112860,5,S,463208
600000,20220426093020970,7.840,100,784.000,253929,356615,112861,5,S,463209
600000,20220426093021020,7.840,200,1568.000,253929,357210,113223,5,S,464100
600000,20220426093021020,7.840,200,1568.000,253929,357211,113224,5,S,464101
600000,20220426093021020,7.840,100,784.000,253929,357216,113227,5,S,464106
600000,20220426093021270,7.850,19200,150720.000,359524,353324,114948,5,B,467717
600000,20220426093021300,7.850,100,785.000,359642,353324,115048,5,B,467931
600000,20220426093021710,7.850,200,1570.000,361320,353324,116086,5,B,470512
600000,20220426093021770,7.840,1457,11422.880,253929,361557,116250,5,S,470882
600000,20220426093021770,7.840,200,1568.000,257160,361557,116251,5,S,470883
600000,20220426093021770,7.840,1000,7840.000,260031,361557,116252,5,S,470884
600000,20220426093021770,7.840,500,3920.000,260771,361557,116253,5,S,470885
600000,20220426093021770,7.840,6000,47040.000,263001,361557,116254,5,S,470886
600000,20220426093021770,7.840,2143,16801.120,263625,361557,116255,5,S,470887
600000,20220426093021840,7.850,5400,42390.000,361719,353324,116343,5,B,471160
600000,20220426093022110,7.840,7857,61598.880,263625,362584,116764,5,S,472484
600000,20220426093022110,7.840,3000,23520.000,264477,362584,116765,5,S,472485
600000,20220426093022110,7.840,5000,39200.000,268648,362584,116766,5,S,472486
600000,20220426093022110,7.840,243,1905.120,268869,362584,116767,5,S,472487
600000,20220426093022230,7.840,257,2014.880,268869,363046,117042,5,S,473215
600000,20220426093022230,7.840,3243,25425.120,271605,363046,117043,5,S,473216
600000,20220426093023420,7.850,3900,30615.000,366422,353324,119253,5,B,478509
600000,20220426093023930,7.840,300,2352.000,271605,368750,120906,5,S,482597
600000,20220426093023960,7.840,1800,14112.000,271605,369018,121139,5,S,483126
600000,20220426093023960,7.840,2000,15680.000,271605,369019,121140,5,S,483127
600000,20220426093023960,7.840,1800,14112.000,271605,369020,121141,5,S,483128
600000,20220426093023960,7.840,1100,8624.000,271605,369021,121142,5,S,483129
600000,20220426093023960,7.840,5357,41998.880,271605,369297,121402,5,S,483626
600000,20220426093023960,7.840,100,784.000,273333,369297,121403,5,S,483627
600000,20220426093023960,7.840,500,3920.000,275255,369297,121404,5,S,483628
600000,20220426093023960,7.840,2443,19153.120,277169,369297,121405,5,S,483629
600000,20220426093023960,7.840,2600,20384.000,277169,369319,121416,5,S,483659
600000,20220426093024040,7.840,257,2014.880,277169,369913,121844,5,S,484537
600000,20220426093024040,7.840,1143,8961.120,284613,369913,121845,5,S,484538
600000,20220426093024040,7.840,600,4704.000,284613,369914,121846,5,S,484539
600000,20220426093024040,7.840,700,5488.000,284613,369915,121847,5,S,484540
600000,20220426093024040,7.840,400,3136.000,284613,370090,121997,5,S,484817
600000,20220426093024040,7.840,1600,12544.000,284613,370099,122004,5,S,484827
600000,20220426093024040,7.840,400,3136.000,284613,370100,122005,5,S,484828
600000,20220426093024040,7.840,157,1230.880,284613,370105,122006,5,S,484834
600000,20220426093024040,7.840,100,784.000,285470,370105,122007,5,S,484835
600000,20220426093024040,7.840,443,3473.120,298536,370105,122008,5,S,484836
600000,20220426093024040,7.840,500,3920.000,298536,370106,122009,5,S,484837
600000,20220426093024040,7.840,57,446.880,298536,370107,122010,5,S,484838
600000,20220426093024040,7.840,343,2689.120,299642,370107,122011,5,S,484839
600000,20220426093024040,7.840,500,3920.000,299642,370108,122012,5,S,484840
600000,20220426093024040,7.840,1800,14112.000,299642,370112,122015,5,S,484846
600000,20220426093024040,7.840,1600,12544.000,299642,370113,122016,5,S,484847
600000,20220426093024040,7.840,1100,8624.000,299642,370114,122017,5,S,484848
600000,20220426093024040,7.840,500,3920.000,299642,370125,122018,5,S,484860
600000,20220426093024040,7.840,157,1230.880,299642,370134,122020,5,S,484872
600000,20220426093024040,7.840,143,1121.120,301279,370134,122021,5,S,484873
600000,20220426093024040,7.840,357,2798.880,301279,370135,122022,5,S,484874
600000,20220426093024040,7.840,100,784.000,328570,370135,122023,5,S,484875
600000,20220426093024040,7.840,100,784.000,328910,370135,122024,5,S,484876
600000,20220426093024040,7.840,100,784.000,328911,370135,122025,5,S,484877
600000,20220426093024040,7.840,43,337.120,329140,370135,122026,5,S,484878
600000,20220426093024040,7.840,57,446.880,329140,370207,122054,5,S,484978
600000,20220426093024040,7.840,100,784.000,329151,370207,122055,5,S,484979
600000,20220426093024040,7.840,200,1568.000,329163,370207,122056,5,S,484980
600000,20220426093024040,7.840,100,784.000,329353,370207,122057,5,S,484981
600000,20220426093024040,7.840,200,1568.000,329835,370207,122058,5,S,484982
600000,20220426093024040,7.840,100,784.000,329940,370207,122059,5,S,484983
600000,20220426093024040,7.840,100,784.000,330150,370207,122060,5,S,484984
600000,20220426093024040,7.840,100,784.000,330219,370207,122061,5,S,484985
600000,20220426093024040,7.840,100,784.000,330362,370207,122062,5,S,484986
600000,20220426093024040,7.840,200,1568.000,330364,370207,122063,5,S,484987
600000,20220426093024040,7.840,100,784.000,330501,370207,122064,5,S,484988
600000,20220426093024040,7.840,200,1568.000,330502,370207,122065,5,S,484989
600000,20220426093024040,7.840,100,784.000,330504,370207,122066,5,S,484990
600000,20220426093024040,7.840,100,784.000,330506,370207,122067,5,S,484991
600000,20220426093024040,7.840,200,1568.000,330508,370207,122068,5,S,484992
600000,20220426093024040,7.840,100,784.000,331043,370207,122069,5,S,484993
600000,20220426093024040,7.840,100,784.000,331187,370207,122070,5,S,484994
600000,20220426093024040,7.840,100,784.000,331198,370207,122071,5,S,484995
600000,20220426093024040,7.840,100,784.000,331277,370207,122072,5,S,484996
600000,20220426093024040,7.840,100,784.000,333296,370207,122073,5,S,484997
600000,20220426093024040,7.840,100,784.000,333614,370207,122074,5,S,484998
600000,20220426093024040,7.840,100,784.000,333615,370207,122075,5,S,484999
600000,20220426093024040,7.840,100,784.000,333671,370207,122076,5,S,485000
600000,20220426093024040,7.840,200,1568.000,333686,370207,122077,5,S,485001
600000,20220426093024040,7.840,200,1568.000,333688,370207,122078,5,S,485002
600000,20220426093024040,7.840,100,784.000,333816,370207,122079,5,S,485003
600000,20220426093024040,7.840,100,784.000,333817,370207,122080,5,S,485004
600000,20220426093024040,7.840,100,784.000,334286,370207,122081,5,S,485005
600000,20220426093024040,7.840,200,1568.000,338772,370207,122082,5,S,485006
600000,20220426093024040,7.840,500,3920.000,354627,370207,122083,5,S,485007
600000,20220426093024040,7.840,100,784.000,356200,370207,122084,5,S,485008
600000,20220426093024040,7.840,200,1568.000,356542,370207,122085,5,S,485009
600000,20220426093024040,7.840,100,784.000,356761,370207,122086,5,S,485010
600000,20220426093024040,7.840,100,784.000,356852,370207,122087,5,S,485011
600000,20220426093024040,7.840,100,784.000,356889,370207,122088,5,S,485012
600000,20220426093024040,7.840,700,5488.000,356939,370207,122089,5,S,485013
600000,20220426093024040,7.840,100,784.000,357587,370207,122090,5,S,485014
600000,20220426093024040,7.840,200,1568.000,357855,370207,122091,5,S,485015
600000,20220426093024040,7.840,100,784.000,357955,370207,122092,5,S,485016
600000,20220426093024040,7.840,1100,8624.000,358165,370207,122093,5,S,485017
600000,20220426093024040,7.840,800,6272.000,358822,370207,122094,5,S,485018
600000,20220426093024040,7.840,643,5041.120,358824,370207,122095,5,S,485019
600000,20220426093024040,7.840,157,1230.880,358824,370208,122096,5,S,485020
600000,20220426093024040,7.840,343,2689.120,358924,370208,122097,5,S,485021
600000,20220426093024040,7.840,1200,9408.000,358924,370209,122098,5,S,485022
600000,20220426093024040,7.840,2100,16464.000,358924,370211,122099,5,S,485025
600000,20220426093024040,7.840,1357,10638.880,358924,370212,122100,5,S,485026
600000,20220426093024040,7.840,100,784.000,359973,370212,122101,5,S,485027
600000,20220426093024040,7.840,100,784.000,360119,370212,122102,5,S,485028
600000,20220426093024040,7.840,100,784.000,361206,370212,122103,5,S,485029
600000,20220426093024040,7.840,443,3473.120,365789,370212,122104,5,S,485030
600000,20220426093024040,7.840,457,3582.880,365789,370213,122105,5,S,485031
600000,20220426093024040,7.840,700,5488.000,367751,370213,122106,5,S,485032
600000,20220426093024040,7.840,100,784.000,369086,370213,122107,5,S,485033
600000,20220426093024040,7.840,100,784.000,370283,370213,122138,5,B,485133
600000,20220426093024400,7.840,1300,10192.000,372644,370213,123788,5,B,488905
600000,20220426093024430,7.830,100,783.000,10702,372669,123801,5,S,488938
600000,20220426093024430,7.830,300,2349.000,19512,372669,123802,5,S,488939
600000,20220426093024430,7.830,3800,29754.000,26001,372669,123803,5,S,488940
600000,20220426093025340,7.840,1343,10529.120,375334,370213,125633,5,B,493335
600000,20220426093025340,7.840,57,446.880,375334,370214,125634,5,B,493336
600000,20220426093025710,7.840,600,4704.000,375921,370214,126140,5,B,494414
600000,20220426093025860,7.830,4200,32886.000,26001,376203,126338,5,S,494855
600000,20220426093026250,7.840,1143,8961.120,376899,370214,126828,5,B,496052
600000,20220426093026250,7.840,57,446.880,376899,370258,126829,5,B,496053
600000,20220426093026410,7.840,3800,29792.000,377385,370258,127247,5,B,496869
600000,20220426093026970,7.830,800,6264.000,26001,380573,129720,5,S,502243
600000,20220426093026970,7.830,700,5481.000,26001,380605,129782,5,S,502338
600000,20220426093026970,7.830,700,5481.000,26001,380606,129783,5,S,502339
600000,20220426093026970,7.830,700,5481.000,26001,380607,129784,5,S,502340
600000,20220426093026970,7.830,400,3132.000,26001,380608,129785,5,S,502341
600000,20220426093026970,7.830,200,1566.000,26001,380684,129844,5,S,502451
600000,20220426093026970,7.830,200,1566.000,26001,380692,129848,5,S,502462
600000,20220426093026970,7.830,1400,10962.000,26001,380693,129849,5,S,502463
600000,20220426093026970,7.830,500,3915.000,26001,380694,129850,5,S,502464
600000,20220426093026970,7.830,700,5481.000,26001,380695,129851,5,S,502465
600000,20220426093026970,7.830,900,7047.000,26001,380696,129852,5,S,502466
600000,20220426093026970,7.830,700,5481.000,26001,380697,129853,5,S,502467
600000,20220426093026970,7.830,1000,7830.000,26001,380777,129883,5,S,502587
600000,20220426093027000,7.830,400,3132.000,26001,381511,130313,5,S,503653
600000,20220426093027000,7.830,200,1566.000,26001,381532,130319,5,S,503674
600000,20220426093027000,7.830,800,6264.000,26001,381561,130329,5,S,503710
600000,20220426093027000,7.830,400,3132.000,26001,381562,130330,5,S,503711
600000,20220426093027040,7.830,900,7047.000,26001,381699,130402,5,S,503912
600000,20220426093027040,7.830,700,5481.000,26001,381701,130403,5,S,503914
600000,20220426093027130,7.830,2200,17226.000,26001,381856,130483,5,S,504157
600000,20220426093027130,7.830,15900,124497.000,26001,381949,130532,5,S,504288
600000,20220426093027130,7.830,10000,78300.000,36032,381949,130533,5,S,504289
600000,20220426093027130,7.830,2000,15660.000,89704,381949,130534,5,S,504290
600000,20220426093027130,7.830,700,5481.000,91873,381949,130535,5,S,504291
600000,20220426093027130,7.830,6600,51678.000,93631,381949,130536,5,S,504292
600000,20220426093027130,7.830,300,2349.000,94164,381949,130537,5,S,504293
600000,20220426093027130,7.830,2000,15660.000,95073,381949,130538,5,S,504294
600000,20220426093027130,7.830,200,1566.000,95381,381949,130539,5,S,504295
600000,20220426093027130,7.830,2000,15660.000,98345,381949,130540,5,S,504296
600000,20220426093027130,7.830,1500,11745.000,98914,381949,130541,5,S,504297
600000,20220426093027130,7.830,200,1566.000,99712,381949,130542,5,S,504298
600000,20220426093027130,7.830,100,783.000,99798,381949,130543,5,S,504299
600000,20220426093027130,7.830,1000,7830.000,103008,381949,130544,5,S,504300
600000,20220426093027130,7.830,100,783.000,104138,381949,130545,5,S,504301
600000,20220426093027130,7.830,1300,10179.000,105414,381949,130546,5,S,504302
600000,20220426093027130,7.830,2000,15660.000,105554,381949,130547,5,S,504303
600000,20220426093027130,7.830,3000,23490.000,105958,381949,130548,5,S,504304
600000,20220426093027130,7.830,1000,7830.000,106068,381949,130549,5,S,504305
600000,20220426093027130,7.830,1000,7830.000,107282,381949,130550,5,S,504306
600000,20220426093027130,7.830,1300,10179.000,109530,381949,130551,5,S,504307
600000,20220426093027130,7.830,1000,7830.000,110784,381949,130552,5,S,504308
600000,20220426093027130,7.830,200,1566.000,111766,381949,130553,5,S,504309
600000,20220426093027130,7.830,2000,15660.000,111813,381949,130554,5,S,504310
600000,20220426093027130,7.830,100,783.000,114280,381949,130555,5,S,504311
600000,20220426093027130,7.830,2000,15660.000,116651,381949,130556,5,S,504312
600000,20220426093027130,7.830,2000,15660.000,118224,381949,130557,5,S,504313
600000,20220426093027130,7.830,10000,78300.000,118846,381949,130558,5,S,504314
600000,20220426093027130,7.830,3500,27405.000,119419,381949,130559,5,S,504315
600000,20220426093027130,7.830,8900,69687.000,120195,381949,130560,5,S,504316
600000,20220426093027130,7.830,100,783.000,120403,381949,130561,5,S,504317
600000,20220426093027130,7.830,1800,14094.000,123613,381949,130562,5,S,504318
600000,20220426093027130,7.830,600,4698.000,123824,381949,130563,5,S,504319
600000,20220426093027130,7.830,2000,15660.000,124301,381949,130564,5,S,504320
600000,20220426093027130,7.830,1200,9396.000,131240,381949,130565,5,S,504321
600000,20220426093027130,7.830,1300,10179.000,133415,381949,130566,5,S,504322
600000,20220426093027130,7.830,100,783.000,135325,381949,130567,5,S,504323
600000,20220426093027130,7.830,1000,7830.000,137123,381949,130568,5,S,504324
600000,20220426093027130,7.830,100,783.000,137540,381949,130569,5,S,504325
600000,20220426093027130,7.830,300,2349.000,138341,381949,130570,5,S,504326
600000,20220426093027130,7.830,1000,7830.000,138374,381949,130571,5,S,504327
600000,20220426093027130,7.830,1600,12528.000,139195,381949,130572,5,S,504328
600000,20220426093027130,7.830,100,783.000,142399,381949,130573,5,S,504329
600000,20220426093027130,7.830,100,783.000,144435,381949,130574,5,S,504330
600000,20220426093027130,7.830,100,783.000,149332,381949,130575,5,S,504331
600000,20220426093027130,7.830,2200,17226.000,151180,381949,130576,5,S,504332
600000,20220426093027130,7.840,2300,18032.000,381950,371376,130577,5,B,504333
600000,20220426093027130,7.840,4200,32928.000,381950,375494,130578,5,B,504334
600000,20220426093027130,7.840,800,6272.000,381950,382430,130921,5,S,505225
600000,20220426093027130,7.850,1200,9420.000,382438,353324,130944,5,B,505255
600000,20220426093027130,7.850,2100,16485.000,382438,355296,130945,5,B,505256
600000,20220426093027200,7.850,500,3925.000,382766,355296,131100,5,B,505759
600000,20220426093027240,7.840,16600,130144.000,381950,383084,131411,5,S,506358
600000,20220426093027240,7.830,14700,115101.000,151180,383084,131412,5,S,506359
600000,20220426093027260,7.830,1600,12528.000,151180,383342,131682,5,S,506832
600000,20220426093028090,7.830,200,1566.000,151180,385897,133610,5,S,511348
600000,20220426093028090,7.830,200,1566.000,174084,385897,133611,5,S,511349
600000,20220426093028090,7.830,8900,69687.000,191029,385897,133612,5,S,511350
600000,20220426093028090,7.830,100,783.000,211295,385897,133613,5,S,511351
600000,20220426093028090,7.830,500,3915.000,211985,385897,133614,5,S,511352
600000,20220426093028090,7.830,800,6264.000,215536,385897,133615,5,S,511353
600000,20220426093028090,7.830,500,3915.000,238246,385897,133616,5,S,511354
600000,20220426093028090,7.830,200,1566.000,257544,385897,133617,5,S,511355
600000,20220426093028490,7.830,500,3915.000,257544,386851,134338,5,S,512946
600000,20220426093028490,7.830,2500,19575.000,270631,386851,134339,5,S,512947
600000,20220426093028490,7.830,1000,7830.000,315768,386851,134340,5,S,512948
600000,20220426093028490,7.830,200,1566.000,380524,386851,134341,5,S,512949
600000,20220426093028990,7.840,500,3920.000,387718,383185,134985,5,B,514420
600000,20220426093029850,7.830,200,1566.000,380524,390810,137310,5,S,519624
600000,20220426093029850,7.830,100,783.000,381367,390810,137311,5,S,519625
600000,20220426093029850,7.830,2200,17226.000,382433,390810,137312,5,S,519626
600000,20220426093029850,7.830,100,783.000,383413,390810,137313,5,S,519627
600000,20220426093029910,7.830,700,5481.000,391280,390810,137706,5,B,520373
600000,20220426093030040,7.820,100,782.000,4950,392972,138835,5,S,522965
600000,20220426093030040,7.820,1000,7820.000,20219,392972,138836,5,S,522966
600000,20220426093030040,7.820,200,1564.000,25666,392972,138837,5,S,522967
600000,20220426093030040,7.820,100,782.000,25799,392972,138838,5,S,522968
600000,20220426093030040,7.820,600,4692.000,34301,392972,138839,5,S,522969
600000,20220426093030040,7.820,2200,17204.000,34677,392972,138840,5,S,522970
600000,20220426093030080,7.830,200,1566.000,393336,390810,139070,5,B,523539
600000,20220426093030530,7.820,2700,21114.000,34677,395284,140548,5,S,526756
600000,20220426093030530,7.820,100,782.000,35270,395284,140549,5,S,526757
600000,20220426093030530,7.820,1000,7820.000,58862,395284,140550,5,S,526758
600000,20220426093030530,7.820,100,782.000,59933,395284,140551,5,S,526759
600000,20220426093030530,7.820,300,2346.000,66916,395284,140552,5,S,526760
600000,20220426093030610,7.830,700,5481.000,395505,390810,140805,5,B,527216
600000,20220426093030610,7.830,300,2349.000,395505,391696,140806,5,B,527217
600000,20220426093030610,7.830,500,3915.000,395505,391708,140807,5,B,527218
600000,20220426093030610,7.830,200,1566.000,395505,391830,140808,5,B,527219
600000,20220426093030780,7.830,1400,10962.000,395923,391830,141061,5,B,527846
600000,20220426093030970,7.830,1600,12528.000,396437,391831,141341,5,B,528634
600000,20220426093031090,7.820,700,5474.000,66916,396769,141638,5,S,529198
600000,20220426093031090,7.820,600,4692.000,70828,396769,141639,5,S,529199
600000,20220426093031090,7.820,100,782.000,71223,396769,141640,5,S,529200
600000,20220426093031090,7.820,100,782.000,74667,396769,141641,5,S,529201
600000,20220426093031090,7.820,1000,7820.000,75840,396769,141642,5,S,529202
600000,20220426093031090,7.820,500,3910.000,77288,396769,141643,5,S,529203
600000,20220426093031090,7.820,1200,9384.000,89073,396769,141644,5,S,529204
600000,20220426093031540,7.830,4000,31320.000,397871,391831,142589,5,B,531113
600000,20220426093031780,7.830,2900,22707.000,398375,391831,143016,5,B,531980
600000,20220426093032340,7.830,700,5481.000,399412,391831,143730,5,B,533690
600000,20220426093032640,7.820,500,3910.000,89073,400518,144559,5,S,535530
600000,20220426093032640,7.820,200,1564.000,89073,400578,144584,5,S,535606
600000,20220426093032640,7.820,200,1564.000,89073,400579,144585,5,S,535607
600000,20220426093032640,7.820,600,4692.000,89073,400580,144586,5,S,535608
600000,20220426093032640,7.820,300,2346.000,89073,400581,144587,5,S,535609
600000,20220426093032640,7.820,2000,15640.000,89073,400684,144671,5,S,535767
600000,20220426093032640,7.820,500,3910.000,102781,400684,144672,5,S,535768
600000,20220426093032640,7.820,1000,7820.000,116578,400684,144673,5,S,535769
600000,20220426093032640,7.820,2000,15640.000,121554,400684,144674,5,S,535770
600000,20220426093032640,7.820,4000,31280.000,132148,400684,144675,5,S,535771
600000,20220426093032640,7.820,100,782.000,144665,400684,144676,5,S,535772
600000,20220426093032640,7.820,1000,7820.000,175027,400684,144677,5,S,535773
600000,20220426093032640,7.820,2000,15640.000,175187,400684,144678,5,S,535774
600000,20220426093032640,7.820,1000,7820.000,278301,400684,144679,5,S,535775
600000,20220426093032640,7.820,3000,23460.000,279907,400684,144680,5,S,535776
600000,20220426093032640,7.820,3000,23460.000,302047,400684,144681,5,S,535777
600000,20220426093032640,7.820,300,2346.000,400698,400684,144687,5,B,535797
600000,20220426093032680,7.820,100,782.000,400955,400684,144835,5,B,536205
600000,20220426093032870,7.820,1100,8602.000,402228,400684,145636,5,B,538172
600000,20220426093033290,7.820,3700,28934.000,405269,400684,147512,5,B,543101
600000,20220426093033350,7.820,600,4692.000,405506,400684,147667,5,B,543493
600000,20220426093034020,7.820,6600,51612.000,407331,400684,149000,5,B,546567
600000,20220426093034270,7.820,100,782.000,407911,400684,149422,5,B,547537
600000,20220426093034900,7.820,500,3910.000,409048,400684,150249,5,B,549456
600000,20220426093035280,7.820,5000,39100.000,409901,400684,150808,5,B,550829
600000,20220426093035630,7.810,300,2343.000,8400,411371,151833,5,S,553201
600000,20220426093035630,7.810,600,4686.000,12280,411371,151834,5,S,553202
600000,20220426093035630,7.810,1000,7810.000,12280,411372,151835,5,S,553203
600000,20220426093035630,7.810,1600,12496.000,34732,411372,151836,5,S,553204
600000,20220426093035630,7.810,400,3124.000,34732,411373,151837,5,S,553205
600000,20220426093035630,7.810,2600,20306.000,34732,411374,151838,5,S,553207
600000,20220426093035680,7.820,1100,8602.000,411805,400684,152116,5,B,553911
600000,20220426093035680,7.820,1000,7820.000,411836,400684,152128,5,B,553970
600000,20220426093035720,7.820,200,1564.000,412306,400684,152367,5,B,554700
600000,20220426093036140,7.810,400,3124.000,34732,414964,154229,5,S,558973
600000,20220426093036140,7.810,3000,23430.000,34736,414964,154230,5,S,558974
600000,20220426093036650,7.820,700,5474.000,416775,400684,155601,5,B,561960
600000,20220426093037360,7.820,1600,12512.000,418255,400684,156771,5,B,564480
600000,20220426093037360,7.820,300,2346.000,418255,400706,156772,5,B,564481
600000,20220426093037360,7.820,900,7038.000,418255,400707,156773,5,B,564482
600000,20220426093037360,7.820,600,4692.000,418255,400708,156774,5,B,564483
600000,20220426093037360,7.820,500,3910.000,418255,400828,156775,5,B,564484
600000,20220426093037660,7.820,200,1564.000,418754,400828,157157,5,B,565329
600000,20220426093037660,7.820,300,2346.000,418754,400829,157158,5,B,565330
600000,20220426093037660,7.820,400,3128.000,418754,400996,157159,5,B,565331
600000,20220426093037660,7.820,1300,10166.000,418754,401468,157160,5,B,565332
600000,20220426093037660,7.820,300,2346.000,418754,401808,157161,5,B,565333
600000,20220426093037660,7.820,100,782.000,418754,409313,157162,5,B,565334
600000,20220426093037660,7.820,800,6256.000,418754,412884,157163,5,B,565335
600000,20220426093038840,7.810,900,7029.000,34736,422648,159890,5,S,571849
600000,20220426093038840,7.810,400,3124.000,34736,422649,159891,5,S,571850
600000,20220426093038840,7.810,700,5467.000,34736,422650,159892,5,S,571851
600000,20220426093038840,7.810,200,1562.000,39214,422650,159893,5,S,571852
600000,20220426093038840,7.810,1000,7810.000,52522,422650,159894,5,S,571853
600000,20220426093038840,7.810,600,4686.000,91931,422650,159895,5,S,571854
600000,20220426093038840,7.810,4400,34364.000,91931,422651,159896,5,S,571855
600000,20220426093038840,7.810,1000,7810.000,99163,422651,159897,5,S,571856
600000,20220426093038840,7.810,500,3905.000,99651,422651,159898,5,S,571857
600000,20220426093038840,7.810,200,1562.000,99897,422651,159899,5,S,571858
600000,20220426093038840,7.810,1000,7810.000,101537,422651,159900,5,S,571859
600000,20220426093039660,7.820,1700,13294.000,426313,412884,162300,5,B,577701
600000,20220426093039660,7.820,1400,10948.000,426346,412884,162322,5,B,577750
600000,20220426093039660,7.820,300,2346.000,426346,414383,162323,5,B,577751
600000,20220426093040180,7.820,500,3910.000,427442,414383,163177,5,B,579687
600000,20220426093040270,7.820,100,782.000,427617,414383,163270,5,B,579937
600000,20220426093040420,7.820,600,4692.000,427967,414383,163536,5,B,580483
600000,20220426093040420,7.820,300,2346.000,427967,419747,163537,5,B,580484
600000,20220426093040420,7.820,300,2346.000,427967,419748,163538,5,B,580485
600000,20220426093040420,7.820,200,1564.000,427967,419809,163539,5,B,580486
600000,20220426093040420,7.820,700,5474.000,427967,419810,163540,5,B,580487
600000,20220426093040480,7.810,300,2343.000,101537,428109,163665,5,S,580722
600000,20220426093040930,7.810,16100,125741.000,101537,428959,164300,5,S,582116
600000,20220426093040930,7.810,2000,15620.000,102099,428959,164301,5,S,582117
600000,20220426093040930,7.810,500,3905.000,116839,428959,164302,5,S,582118
600000,20220426093040930,7.810,7600,59356.000,130726,428959,164303,5,S,582119
600000,20220426093040930,7.810,2000,15620.000,174610,428959,164304,5,S,582120
600000,20220426093040930,7.810,500,3905.000,194026,428959,164305,5,S,582121
600000,20220426093040930,7.810,600,4686.000,206962,428959,164306,5,S,582122
600000,20220426093041260,7.810,400,3124.000,206962,429823,164838,5,S,583489
600000,20220426093041260,7.810,300,2343.000,225403,429823,164839,5,S,583490
600000,20220426093041470,7.820,200,1564.000,430378,419810,165186,5,B,584409
600000,20220426093041470,7.820,300,2346.000,430378,419824,165187,5,B,584410
600000,20220426093041470,7.820,900,7038.000,430378,419825,165188,5,B,584411
600000,20220426093041560,7.810,9700,75757.000,225403,430708,165411,5,S,584952
600000,20220426093041560,7.810,1000,7810.000,228405,430708,165412,5,S,584953
600000,20220426093041560,7.810,500,3905.000,251031,430708,165413,5,S,584954
600000,20220426093041560,7.810,200,1562.000,411664,430708,165414,5,S,584955
600000,20220426093041560,7.810,700,5467.000,412312,430708,165415,5,S,584956
600000,20220426093041560,7.810,700,5467.000,417860,430708,165416,5,S,584957
600000,20220426093041560,7.810,200,1562.000,418753,430708,165417,5,S,584958
600000,20220426093041560,7.810,500,3905.000,426511,430708,165418,5,S,584959
600000,20220426093041610,7.810,4100,32021.000,431134,430708,165680,5,B,585587
600000,20220426093041690,7.810,100,781.000,431830,430708,166018,5,B,586599
600000,20220426093041750,7.810,600,4686.000,432285,430708,166271,5,B,587266
600000,20220426093042120,7.810,1700,13277.000,434464,430708,167905,5,B,590965
600000,20220426093042400,7.810,1700,13277.000,435397,430708,168551,5,B,592386
600000,20220426093042710,7.810,2000,15620.000,436082,430708,169207,5,B,593724
600000,20220426093042900,7.810,1700,13277.000,436494,430708,169423,5,B,594331
600000,20220426093043340,7.810,1400,10934.000,437584,430708,170170,5,B,596115
600000,20220426093043720,7.810,200,1562.000,438256,430708,170729,5,B,597266
600000,20220426093044480,7.810,3100,24211.000,439761,430708,171721,5,B,599683
600000,20220426093044480,7.810,1600,12496.000,439761,432016,171722,5,B,599684
600000,20220426093044480,7.810,5300,41393.000,439761,432249,171723,5,B,599685
600000,20220426093044740,7.810,5700,44517.000,441231,432249,172849,5,B,602207
600000,20220426093044740,7.810,200,1562.000,441231,434546,172850,5,B,602208
600000,20220426093044740,7.810,6800,53108.000,441231,435063,172851,5,B,602209
600000,20220426093044740,7.810,1600,12496.000,441231,438953,172852,5,B,602210
600000,20220426093044740,7.810,100,781.000,441231,440971,172853,5,B,602211
600000,20220426093044740,7.820,200,1564.000,441231,419833,172854,5,B,602212
600000,20220426093044740,7.820,300,2346.000,441231,419835,172855,5,B,602213
600000,20220426093044740,7.820,600,4692.000,441231,419862,172856,5,B,602214
600000,20220426093044740,7.820,200,1564.000,441231,419874,172857,5,B,602215
600000,20220426093044740,7.820,300,2346.000,441231,419895,172858,5,B,602216
600000,20220426093044740,7.820,100,782.000,441231,420967,172859,5,B,602217
600000,20220426093044740,7.820,100,782.000,441231,421260,172860,5,B,602218
600000,20220426093044740,7.820,100,782.000,441231,421599,172861,5,B,602219
600000,20220426093044740,7.820,100,782.000,441231,428535,172862,5,B,602220
600000,20220426093044740,7.820,1600,12512.000,441231,429248,172863,5,B,602221
600000,20220426093045400,7.810,500,3905.000,441803,443756,175267,5,S,606985
600000,20220426093045400,7.800,1300,10140.000,15065,443756,175268,5,S,606986
600000,20220426093045400,7.800,1300,10140.000,30892,443756,175269,5,S,606987
600000,20220426093045400,7.800,100,780.000,36039,443756,175270,5,S,606988
600000,20220426093045400,7.800,100,780.000,36042,443756,175271,5,S,606989
600000,20220426093045400,7.800,500,3900.000,37833,443756,175272,5,S,606990
600000,20220426093045400,7.800,700,5460.000,37835,443756,175273,5,S,606991
600000,20220426093045400,7.800,100,780.000,39727,443756,175274,5,S,606992
600000,20220426093045400,7.800,800,6240.000,40073,443756,175275,5,S,606993
600000,20220426093045400,7.800,300,2340.000,44237,443756,175276,5,S,606994
600000,20220426093045400,7.800,1200,9360.000,46035,443756,175277,5,S,606995
600000,20220426093045400,7.800,8400,65520.000,47782,443756,175278,5,S,606996
600000,20220426093046150,7.810,1300,10153.000,445542,443884,176471,5,B,609873
600000,20220426093046150,7.810,200,1562.000,445542,443885,176472,5,B,609874
600000,20220426093046150,7.820,100,782.000,445542,431691,176473,5,B,609875
600000,20220426093046150,7.830,100,783.000,445542,392644,176474,5,B,609876
600000,20220426093046420,7.830,800,6264.000,446133,392644,176916,5,B,610844
600000,20220426093046420,7.830,900,7047.000,446133,392645,176917,5,B,610845
600000,20220426093046720,7.830,100,783.000,446639,392645,177311,5,B,611709
600000,20220426093046720,7.830,200,1566.000,446639,392801,177312,5,B,611710
600000,20220426093046740,7.830,500,3915.000,446666,392801,177325,5,B,611746
600000,20220426093046740,7.830,100,783.000,446666,402814,177326,5,B,611747
600000,20220426093046740,7.830,700,5481.000,446666,434102,177327,5,B,611748
600000,20220426093046740,7.840,400,3136.000,446666,383185,177328,5,B,611749
600000,20220426093047220,7.820,1000,7820.000,446445,447621,177876,5,S,613292
600000,20220426093047270,7.820,100,782.000,447765,447621,178024,5,B,613560
600000,20220426093047270,7.840,200,1568.000,447765,383185,178025,5,B,613561
600000,20220426093047270,7.840,1400,10976.000,447765,387284,178026,5,B,613562
600000,20220426093047270,7.840,2400,18816.000,447797,387284,178060,5,B,613600
600000,20220426093047450,7.800,1200,9360.000,47782,448388,178457,5,S,614560
600000,20220426093047610,7.810,300,2343.000,449017,449224,179157,5,S,615917
600000,20220426093047610,7.810,500,3905.000,449116,449224,179158,5,S,615918
600000,20220426093047610,7.810,100,781.000,449116,449225,179159,5,S,615919
600000,20220426093047610,7.810,1100,8591.000,449144,449225,179160,5,S,615920
600000,20220426093047610,7.800,400,3120.000,47782,449225,179161,5,S,615921
600000,20220426093047610,7.800,1000,7800.000,48071,449225,179162,5,S,615922
600000,20220426093047610,7.800,900,7020.000,50395,449258,179173,5,S,615969
600000,20220426093047610,7.800,600,4680.000,50395,449259,179174,5,S,615970
600000,20220426093047610,7.800,2300,17940.000,58805,449259,179175,5,S,615971
600000,20220426093047610,7.800,200,1560.000,58805,449260,179176,5,S,615972
600000,20220426093047610,7.800,1700,13260.000,58805,449261,179177,5,S,615973
600000,20220426093047610,7.800,1800,14040.000,58805,449262,179178,5,S,615974
600000,20220426093047610,7.800,1200,9360.000,72738,449262,179179,5,S,615975
600000,20220426093047610,7.800,800,6240.000,72738,449263,179180,5,S,615976
600000,20220426093047610,7.800,600,4680.000,87885,449263,179181,5,S,615977
600000,20220426093047610,7.800,200,1560.000,88420,449263,179182,5,S,615978
600000,20220426093047610,7.800,2600,20280.000,88420,449264,179183,5,S,615979
600000,20220426093047610,7.800,2200,17160.000,88420,449265,179184,5,S,615980
600000,20220426093047610,7.800,3000,23400.000,90617,449265,179185,5,S,615981
600000,20220426093047630,7.800,2000,15600.000,90617,449427,179313,5,S,616238
600000,20220426093047630,7.800,5000,39000.000,93200,449427,179314,5,S,616239
600000,20220426093047630,7.800,3000,23400.000,93752,449427,179315,5,S,616240
600000,20220426093047630,7.800,1300,10140.000,98105,449427,179316,5,S,616241
600000,20220426093047630,7.800,500,3900.000,99947,449427,179317,5,S,616242
600000,20220426093047630,7.800,1000,7800.000,113045,449427,179318,5,S,616243
600000,20220426093047630,7.800,10000,78000.000,130041,449427,179319,5,S,616244
600000,20220426093047630,7.800,1700,13260.000,133141,449427,179320,5,S,616245
600000,20220426093047630,7.800,900,7020.000,164273,449427,179321,5,S,616246
600000,20220426093047630,7.800,200,1560.000,164273,449428,179322,5,S,616247
600000,20220426093047630,7.800,300,2340.000,182875,449428,179323,5,S,616248
600000,20220426093047630,7.800,100,780.000,185984,449428,179324,5,S,616249
600000,20220426093047630,7.800,1000,7800.000,189134,449428,179325,5,S,616250
600000,20220426093047630,7.800,200,1560.000,194219,449428,179326,5,S,616251
600000,20220426093047650,7.800,100,780.000,194219,449457,179350,5,S,616289
600000,20220426093047650,7.800,1000,7800.000,197193,449457,179351,5,S,616290
600000,20220426093047650,7.800,2000,15600.000,208278,449457,179352,5,S,616291
600000,20220426093047650,7.800,10000,78000.000,214625,449457,179353,5,S,616292
600000,20220426093047650,7.800,1000,7800.000,215654,449457,179354,5,S,616293
600000,20220426093047650,7.800,400,3120.000,218290,449457,179355,5,S,616294
600000,20220426093047650,7.800,1200,9360.000,225376,449457,179356,5,S,616295
600000,20220426093047650,7.800,1800,14040.000,225376,449656,179470,5,S,616596
600000,20220426093047650,7.800,800,6240.000,230877,449656,179471,5,S,616597
600000,20220426093047650,7.800,900,7020.000,230877,449657,179472,5,S,616598
600000,20220426093047650,7.800,1700,13260.000,240385,449657,179473,5,S,616599
600000,20220426093047650,7.800,300,2340.000,240385,449658,179474,5,S,616600
600000,20220426093047650,7.800,1400,10920.000,240632,449658,179475,5,S,616601
600000,20220426093047650,7.800,1600,12480.000,240632,449659,179476,5,S,616602
600000,20220426093047650,7.800,1100,8580.000,298288,449659,179477,5,S,616603
600000,20220426093047670,7.800,900,7020.000,298288,449725,179514,5,S,616689
600000,20220426093047670,7.800,1200,9360.000,300385,449725,179515,5,S,616690
600000,20220426093047670,7.800,800,6240.000,320626,449725,179516,5,S,616691
600000,20220426093047670,7.800,500,3900.000,437706,449725,179517,5,S,616692
600000,20220426093047670,7.800,600,4680.000,437706,449726,179518,5,S,616693
600000,20220426093047670,7.800,200,1560.000,437980,449726,179519,5,S,616694
600000,20220426093047670,7.800,400,3120.000,440694,449726,179520,5,S,616695
600000,20220426093047670,7.800,400,3120.000,441232,449726,179521,5,S,616696
600000,20220426093047670,7.800,900,7020.000,441232,449727,179522,5,S,616697
600000,20220426093047670,7.800,400,3120.000,441234,449727,179523,5,S,616698
600000,20220426093047710,7.800,1400,10920.000,441234,450018,179719,5,S,617169
600000,20220426093047710,7.800,1200,9360.000,443296,450018,179720,5,S,617170
600000,20220426093047710,7.800,400,3120.000,443296,450019,179721,5,S,617171
600000,20220426093047740,7.800,1600,12480.000,443296,450178,179861,5,S,617459
600000,20220426093047740,7.800,1000,7800.000,443296,450179,179862,5,S,617460
600000,20220426093047860,7.800,300,2340.000,450674,450179,180183,5,B,618208
600000,20220426093048020,7.810,100,781.000,450674,451527,180813,5,S,619649
600000,20220426093048110,7.810,700,5467.000,450674,451834,181072,5,S,620209
600000,20220426093048920,7.830,100,783.000,453639,449460,182324,5,B,623117
600000,20220426093048920,7.830,100,783.000,453639,449930,182325,5,B,623118
600000,20220426093048920,7.830,100,783.000,453639,449932,182326,5,B,623119
600000,20220426093048920,7.840,3500,27440.000,453639,387284,182327,5,B,623120
600000,20220426093049090,7.810,100,781.000,450674,454017,182591,5,S,623704
600000,20220426093049730,7.820,100,782.000,454116,455204,183521,5,S,625735
600000,20220426093050470,7.830,2000,15660.000,456961,456325,184902,5,B,628643
600000,20220426093050580,7.820,16100,125902.000,454116,457403,185256,5,S,629398
600000,20220426093050620,7.820,500,3910.000,454116,457823,185425,5,S,629952
600000,20220426093050640,7.820,400,3128.000,454116,457888,185469,5,S,630056
600000,20220426093050640,7.820,2500,19550.000,454116,457950,185518,5,S,630135
600000,20220426093050640,7.820,1600,12512.000,454116,457951,185519,5,S,630136
600000,20220426093050670,7.820,700,5474.000,454116,458238,185717,5,S,630566
600000,20220426093050700,7.820,2900,22678.000,454116,458315,185762,5,S,630677
600000,20220426093050700,7.820,1300,10166.000,454116,458316,185763,5,S,630678
600000,20220426093050700,7.820,1800,14076.000,454116,458317,185764,5,S,630679
600000,20220426093050700,7.820,900,7038.000,454116,458318,185765,5,S,630681
600000,20220426093050700,7.820,600,4692.000,454116,458319,185766,5,S,630682
600000,20220426093050700,7.820,600,4692.000,454116,458334,185768,5,S,630705
600000,20220426093050700,7.820,800,6256.000,455266,458334,185769,5,S,630706
600000,20220426093050700,7.820,500,3910.000,455266,458337,185770,5,S,630710
600000,20220426093050700,7.820,1000,7820.000,457836,458339,185771,5,S,630714
600000,20220426093050700,7.820,200,1564.000,457919,458339,185772,5,S,630715
600000,20220426093050750,7.820,300,2346.000,458607,458339,185916,5,B,631084
600000,20220426093051050,7.810,2200,17182.000,450674,460057,186984,5,S,633375
600000,20220426093051050,7.810,500,3905.000,454652,460057,186985,5,S,633376
600000,20220426093051840,7.810,3600,28116.000,461972,460057,188471,5,B,636587
600000,20220426093052720,7.810,500,3905.000,463762,460057,189796,5,B,639458
600000,20220426093053370,7.820,1000,7820.000,464904,458339,190534,5,B,641277
600000,20220426093055050,7.820,900,7038.000,469928,458339,194313,5,B,649539
600000,20220426093055100,7.820,600,4692.000,470061,458339,194505,5,B,649825
600000,20220426093055100,7.820,500,3910.000,470061,458341,194506,5,B,649826
600000,20220426093055100,7.820,400,3128.000,470061,458343,194507,5,B,649827
600000,20220426093055100,7.820,200,1564.000,470061,458345,194508,5,B,649828
600000,20220426093055900,7.820,300,2346.000,471549,458345,195525,5,B,652173
600000,20220426093055900,7.820,600,4692.000,471549,458346,195526,5,B,652174
600000,20220426093055900,7.820,300,2346.000,471549,458347,195527,5,B,652175
600000,20220426093055900,7.820,1700,13294.000,471549,458348,195528,5,B,652176
600000,20220426093055900,7.820,600,4692.000,471549,458349,195529,5,B,652177
600000,20220426093055900,7.820,500,3910.000,471549,458350,195530,5,B,652178
600000,20220426093055900,7.820,600,4692.000,471549,458351,195531,5,B,652179
600000,20220426093055900,7.820,600,4692.000,471549,458352,195532,5,B,652180
600000,20220426093055900,7.820,8000,62560.000,471549,458605,195533,5,B,652181
600000,20220426093056590,7.820,100,782.000,473695,458605,197029,5,B,655478
600000,20220426093056730,7.820,2300,17986.000,474764,458605,197862,5,B,657054
600000,20220426093057790,7.820,1500,11730.000,477605,458605,199803,5,B,661606
600000,20220426093059600,7.820,100,782.000,481202,458605,202455,5,B,667462
600000,20220426093102120,7.820,1400,10948.000,487294,458605,206970,5,B,677505
600000,20220426093102170,7.820,300,2346.000,487434,458605,207057,5,B,677712
600000,20220426093102580,7.820,500,3910.000,488953,458605,207886,5,B,679835
600000,20220426093102630,7.820,2200,17204.000,489040,458605,207929,5,B,679944
600000,20220426093102650,7.810,200,1562.000,464430,489371,208099,5,S,680394
600000,20220426093102650,7.810,300,2343.000,466037,489371,208100,5,S,680395
600000,20220426093102650,7.810,100,781.000,466192,489371,208101,5,S,680396
600000,20220426093102650,7.810,500,3905.000,466894,489371,208102,5,S,680397
600000,20220426093102650,7.810,200,1562.000,468991,489371,208103,5,S,680398
600000,20220426093102650,7.810,400,3124.000,468991,489390,208123,5,S,680427
600000,20220426093102650,7.810,600,4686.000,468991,489398,208126,5,S,680437
600000,20220426093102650,7.810,900,7029.000,468991,489399,208127,5,S,680439
600000,20220426093102650,7.810,400,3124.000,468991,489402,208128,5,S,680442
600000,20220426093102650,7.810,500,3905.000,468991,489408,208133,5,S,680449
600000,20220426093102650,7.810,100,781.000,474377,489408,208134,5,S,680450
600000,20220426093102650,7.810,200,1562.000,482051,489408,208135,5,S,680451
600000,20220426093102680,7.810,200,1562.000,482051,489698,208286,5,S,680847
600000,20220426093102680,7.810,500,3905.000,482051,489772,208334,5,S,680944
600000,20220426093102680,7.810,500,3905.000,482051,489794,208348,5,S,680984
600000,20220426093102680,7.810,100,781.000,482051,489963,208426,5,S,681204
600000,20220426093102680,7.810,100,781.000,482051,489977,208439,5,S,681226
600000,20220426093102680,7.810,200,1562.000,482051,489985,208443,5,S,681234
600000,20220426093102730,7.820,300,2346.000,490297,458605,208691,5,B,681733
600000,20220426093102730,7.820,6300,49266.000,490297,465797,208692,5,B,681734
600000,20220426093103300,7.820,100,782.000,492515,465797,210132,5,B,685150
600000,20220426093103970,7.820,400,3128.000,493940,465797,211082,5,B,687368
600000,20220426093104420,7.820,100,782.000,494821,465797,211691,5,B,688775
600000,20220426093104660,7.820,3100,24242.000,495287,465797,212028,5,B,689523
600000,20220426093105030,7.820,3000,23460.000,496072,465797,212515,5,B,690698
600000,20220426093105620,7.810,200,1562.000,482051,498605,214162,5,S,694573
600000,20220426093105650,7.810,3100,24211.000,482051,498689,214188,5,S,694675
600000,20220426093105650,7.810,1000,7810.000,485566,498689,214189,5,S,694676
600000,20220426093105650,7.810,500,3905.000,489621,498689,214190,5,S,694677
600000,20220426093105650,7.810,100,781.000,490661,498689,214191,5,S,694678
600000,20220426093105650,7.810,500,3905.000,490892,498689,214192,5,S,694679
600000,20220426093105650,7.810,1900,14839.000,491255,498689,214193,5,S,694680
600000,20220426093105650,7.810,600,4686.000,491255,498711,214206,5,S,694706
600000,20220426093105650,7.810,400,3124.000,491255,498712,214207,5,S,694707
600000,20220426093105650,7.810,900,7029.000,491255,498713,214208,5,S,694708
600000,20220426093105650,7.810,800,6248.000,491255,498809,214260,5,S,694833
600000,20220426093105650,7.810,200,1562.000,491255,498812,214266,5,S,694839
600000,20220426093105670,7.820,300,2346.000,499016,465797,214344,5,B,695092
600000,20220426093105670,7.820,100,782.000,499016,465836,214345,5,B,695093
600000,20220426093105690,7.810,400,3124.000,491255,499437,214620,5,S,695721
600000,20220426093105690,7.810,800,6248.000,498861,499437,214621,5,S,695722
600000,20220426093105690,7.810,600,4686.000,498926,499437,214622,5,S,695723
600000,20220426093105710,7.810,100,781.000,499655,499437,214744,5,B,696059
600000,20220426093106600,7.800,100,780.000,450766,502547,216524,5,S,700542
600000,20220426093106600,7.800,200,1560.000,450863,502547,216525,5,S,700543
600000,20220426093106600,7.800,400,3120.000,451211,502547,216526,5,S,700544
600000,20220426093106600,7.800,1200,9360.000,452045,502547,216527,5,S,700545
600000,20220426093106660,7.810,100,781.000,502654,499437,216565,5,B,700695
600000,20220426093106730,7.810,100,781.000,502785,499437,216645,5,B,700904
600000,20220426093107090,7.810,200,1562.000,503526,499437,217206,5,B,702177
600000,20220426093107090,7.810,1700,13277.000,503526,501707,217207,5,B,702178
600000,20220426093107410,7.820,1500,11730.000,504124,465836,217857,5,B,703409
600000,20220426093107960,7.810,100,781.000,503526,505103,218543,5,S,705046
600000,20220426093107960,7.810,100,781.000,504169,505103,218544,5,S,705047
600000,20220426093107960,7.800,800,6240.000,452045,505103,218545,5,S,705048
600000,20220426093107960,7.800,1000,7800.000,452137,505103,218546,5,S,705049
600000,20220426093107960,7.800,2200,17160.000,452489,505103,218547,5,S,705050
600000,20220426093108360,7.820,800,6256.000,506094,465836,219177,5,B,706637
600000,20220426093108630,7.800,1900,14820.000,452489,507802,220324,5,S,709225
600000,20220426093108630,7.800,1100,8580.000,453487,507802,220325,5,S,709226
600000,20220426093108630,7.800,1200,9360.000,453741,507802,220326,5,S,709227
600000,20220426093108630,7.800,300,2340.000,455312,507802,220327,5,S,709228
600000,20220426093108630,7.800,500,3900.000,456107,507802,220328,5,S,709229
600000,20220426093108630,7.800,700,5460.000,456955,507802,220329,5,S,709230
600000,20220426093108630,7.800,3300,25740.000,456955,507803,220330,5,S,709231
600000,20220426093109570,7.820,1700,13294.000,511930,465836,222769,5,B,715635
600000,20220426093110390,7.820,2000,15640.000,513534,465836,223907,5,B,718312
600000,20220426093111420,7.820,1200,9384.000,515690,465836,225368,5,B,721757
600000,20220426093111630,7.810,100,781.000,507985,517501,226371,5,S,724303
600000,20220426093111630,7.810,100,781.000,508245,517501,226372,5,S,724304
600000,20220426093111630,7.810,200,1562.000,510093,517501,226373,5,S,724305
600000,20220426093111630,7.810,1700,13277.000,510908,517501,226374,5,S,724306
600000,20220426093111630,7.810,300,2343.000,510908,517502,226375,5,S,724307
600000,20220426093111630,7.810,300,2343.000,512572,517502,226376,5,S,724308
600000,20220426093111630,7.810,1000,7810.000,514696,517502,226377,5,S,724309
600000,20220426093111630,7.810,500,3905.000,514951,517502,226378,5,S,724310
600000,20220426093111630,7.810,100,781.000,517378,517502,226379,5,S,724311
600000,20220426093111630,7.810,100,781.000,517387,517502,226380,5,S,724312
600000,20220426093111630,7.810,100,781.000,517576,517502,226424,5,B,724431
600000,20220426093111630,7.810,100,781.000,517640,517502,226449,5,B,724512
600000,20220426093111630,7.810,100,781.000,517647,517502,226453,5,B,724519
600000,20220426093111630,7.810,300,2343.000,517650,517502,226454,5,B,724522
600000,20220426093111630,7.810,200,1562.000,517723,517502,226469,5,B,724603
600000,20220426093111660,7.810,100,781.000,517940,517502,226576,5,B,724905
600000,20220426093111660,7.810,300,2343.000,518061,517502,226615,5,B,725040
600000,20220426093111660,7.810,100,781.000,518111,517502,226626,5,B,725094
600000,20220426093111660,7.810,100,781.000,518352,517502,226781,5,B,725440
600000,20220426093111740,7.810,100,781.000,518702,517502,227013,5,B,725967
600000,20220426093111740,7.810,200,1562.000,518703,517502,227014,5,B,725968
600000,20220426093111740,7.810,100,781.000,518712,517502,227017,5,B,725977
600000,20220426093111740,7.810,300,2343.000,518746,517502,227022,5,B,726014
600000,20220426093111740,7.810,200,1562.000,518774,517502,227041,5,B,726058
600000,20220426093111940,7.810,200,1562.000,520506,517502,227864,5,B,728533
600000,20220426093112010,7.810,500,3905.000,520906,517502,228048,5,B,729073
600000,20220426093112460,7.810,100,781.000,522138,517502,228931,5,B,731100
600000,20220426093112540,7.810,200,1562.000,522345,517502,229059,5,B,731431
600000,20220426093112910,7.810,200,1562.000,523006,517502,229491,5,B,732472
600000,20220426093113370,7.810,200,1562.000,523876,518196,230169,5,B,733935
600000,20220426093113370,7.810,300,2343.000,523876,518197,230170,5,B,733936
600000,20220426093113370,7.810,100,781.000,523876,518198,230171,5,B,733937
600000,20220426093113370,7.810,300,2343.000,523876,518439,230172,5,B,733938
600000,20220426093113370,7.810,100,781.000,523876,518649,230173,5,B,733939
600000,20220426093113570,7.800,11700,91260.000,456955,524275,230639,5,S,734733
600000,20220426093113570,7.800,1000,7800.000,471302,524275,230640,5,S,734734
600000,20220426093113570,7.800,100,780.000,479420,524275,230641,5,S,734735
600000,20220426093113570,7.800,200,1560.000,495895,524275,230642,5,S,734736
600000,20220426093113570,7.800,3600,28080.000,496030,524275,230643,5,S,734737
600000,20220426093113570,7.800,1400,10920.000,513908,524275,230644,5,S,734738
600000,20220426093114220,7.810,100,781.000,525432,518649,231600,5,B,736765
600000,20220426093114220,7.810,500,3905.000,525432,521544,231601,5,B,736766
600000,20220426093114620,7.800,600,4680.000,513908,528576,233049,5,S,741082
600000,20220426093114620,7.800,500,3900.000,514794,528576,233050,5,S,741083
600000,20220426093114620,7.800,200,1560.000,514794,528602,233066,5,S,741120
600000,20220426093114620,7.800,700,5460.000,514924,528602,233067,5,S,741121
600000,20220426093114620,7.800,200,1560.000,515772,528602,233068,5,S,741122
600000,20220426093114620,7.800,100,780.000,522553,528602,233069,5,S,741123
600000,20220426093114620,7.800,300,2340.000,523525,528602,233070,5,S,741124
600000,20220426093114780,7.810,400,3124.000,530746,521544,234165,5,B,744195
600000,20220426093114780,7.810,100,781.000,530746,524597,234166,5,B,744196
600000,20220426093115560,7.810,400,3124.000,533633,524597,236239,5,B,748904
600000,20220426093115560,7.810,200,1562.000,533633,527775,236240,5,B,748905
600000,20220426093115560,7.810,200,1562.000,533633,527878,236241,5,B,748906
600000,20220426093115560,7.810,200,1562.000,533633,527907,236242,5,B,748907
600000,20220426093115560,7.810,100,781.000,533633,527929,236243,5,B,748908
600000,20220426093115560,7.810,100,781.000,533633,527930,236244,5,B,748909
600000,20220426093115560,7.810,100,781.000,533633,528172,236245,5,B,748910
600000,20220426093115560,7.810,200,1562.000,533633,528178,236246,5,B,748911
600000,20220426093115560,7.810,200,1562.000,533633,528387,236247,5,B,748912
600000,20220426093115740,7.810,600,4686.000,534025,528387,236618,5,B,749615
600000,20220426093115740,7.810,200,1562.000,534025,528559,236619,5,B,749616
600000,20220426093115740,7.810,100,781.000,534025,528670,236620,5,B,749617
600000,20220426093115940,7.810,100,781.000,534393,528670,236866,5,B,750221
600000,20220426093115940,7.810,200,1562.000,534393,528671,236867,5,B,750222
600000,20220426093115940,7.810,500,3905.000,534393,528713,236868,5,B,750223
600000,20220426093115940,7.810,300,2343.000,534393,528768,236869,5,B,750224
600000,20220426093115940,7.810,100,781.000,534393,528772,236870,5,B,750225
600000,20220426093115940,7.810,100,781.000,534393,528804,236871,5,B,750226
600000,20220426093115940,7.810,100,781.000,534393,529000,236872,5,B,750227
600000,20220426093115940,7.810,100,781.000,534393,529016,236873,5,B,750228
600000,20220426093115940,7.810,100,781.000,534393,529017,236874,5,B,750229
600000,20220426093115940,7.810,100,781.000,534393,529085,236875,5,B,750230
600000,20220426093115940,7.810,800,6248.000,534393,529086,236876,5,B,750231
600000,20220426093115940,7.810,200,1562.000,534393,529144,236877,5,B,750232
600000,20220426093115940,7.810,300,2343.000,534393,529205,236878,5,B,750233
600000,20220426093115940,7.810,1700,13277.000,534393,529313,236879,5,B,750234
600000,20220426093115940,7.810,4800,37488.000,534393,529897,236880,5,B,750235
600000,20220426093115940,7.810,1900,14839.000,534393,529955,236881,5,B,750236
600000,20220426093115940,7.810,100,781.000,534393,530231,236882,5,B,750237
600000,20220426093115940,7.810,100,781.000,534393,530266,236883,5,B,750238
600000,20220426093115940,7.810,200,1562.000,534393,530609,236884,5,B,750239
600000,20220426093115940,7.810,100,781.000,534393,530908,236885,5,B,750240
600000,20220426093115940,7.810,1000,7810.000,534393,531809,236886,5,B,750241
600000,20220426093115940,7.810,100,781.000,534393,532266,236887,5,B,750242
600000,20220426093115940,7.810,100,781.000,534393,532443,236888,5,B,750243
600000,20220426093115940,7.810,100,781.000,534393,532447,236889,5,B,750244
600000,20220426093116480,7.810,100,781.000,534393,535363,237627,5,S,751847
600000,20220426093116590,7.810,100,781.000,534393,535580,237813,5,S,752253
600000,20220426093116670,7.810,100,781.000,534393,535728,237927,5,S,752495
600000,20220426093116730,7.810,300,2343.000,534393,535835,237988,5,S,752672
600000,20220426093116790,7.820,900,7038.000,535953,465836,238060,5,B,752848
600000,20220426093117620,7.810,800,6248.000,534393,539202,240009,5,S,757921
600000,20220426093117620,7.810,1100,8591.000,534393,539412,240110,5,S,758211
600000,20220426093117750,7.820,900,7038.000,540850,465836,240896,5,B,760272
600000,20220426093117820,7.820,3700,28934.000,541258,465836,241139,5,B,760869
600000,20220426093119550,7.820,2400,18768.000,545114,465836,244156,5,B,767534
600000,20220426093119670,7.820,400,3128.000,545297,465836,244401,5,B,767955
600000,20220426093119790,7.810,14300,111683.000,534393,545510,244572,5,S,768307
600000,20220426093119790,7.810,2000,15620.000,534981,545510,244573,5,S,768308
600000,20220426093119790,7.810,200,1562.000,538956,545510,244574,5,S,768309
600000,20220426093119790,7.810,100,781.000,539464,545510,244575,5,S,768310
600000,20220426093119790,7.810,200,1562.000,539563,545510,244576,5,S,768311
600000,20220426093119790,7.810,200,1562.000,539569,545510,244577,5,S,768312
600000,20220426093119790,7.810,100,781.000,539622,545510,244578,5,S,768313
600000,20220426093119790,7.810,200,1562.000,539648,545510,244579,5,S,768314
600000,20220426093119790,7.810,400,3124.000,539716,545510,244580,5,S,768315
600000,20220426093119790,7.810,200,1562.000,539729,545510,244581,5,S,768316
600000,20220426093119790,7.810,100,781.000,540114,545510,244582,5,S,768317
600000,20220426093119790,7.810,400,3124.000,540156,545510,244583,5,S,768318
600000,20220426093119790,7.810,200,1562.000,540366,545510,244584,5,S,768319
600000,20220426093120410,7.820,800,6256.000,547261,465836,245789,5,B,771071
600000,20220426093120410,7.820,600,4692.000,547261,465920,245790,5,B,771072
600000,20220426093120620,7.810,300,2343.000,540846,548770,246695,5,S,773353
600000,20220426093120620,7.810,400,3124.000,541256,548770,246696,5,S,773354
600000,20220426093120620,7.810,500,3905.000,541256,548951,246815,5,S,773634
600000,20220426093120740,7.810,1400,10934.000,541256,550179,247401,5,S,775368
600000,20220426093120740,7.820,300,2346.000,550209,465920,247438,5,B,775434
600000,20220426093121970,7.810,2800,21868.000,541256,553295,249764,5,S,780618
600000,20220426093121970,7.810,100,781.000,541485,553295,249765,5,S,780619
600000,20220426093121970,7.810,200,1562.000,548889,553295,249766,5,S,780620
600000,20220426093121970,7.810,700,5467.000,549098,553295,249767,5,S,780621
600000,20220426093121970,7.810,100,781.000,549236,553295,249768,5,S,780622
600000,20220426093121970,7.810,300,2343.000,549377,553295,249769,5,S,780623
600000,20220426093121970,7.810,100,781.000,549378,553295,249770,5,S,780624
600000,20220426093121970,7.810,200,1562.000,549380,553295,249771,5,S,780625
600000,20220426093121970,7.810,200,1562.000,549404,553295,249772,5,S,780626
600000,20220426093121970,7.810,100,781.000,549481,553295,249773,5,S,780627
600000,20220426093121970,7.810,100,781.000,549604,553295,249774,5,S,780628
600000,20220426093121970,7.810,200,1562.000,549605,553295,249775,5,S,780629
600000,20220426093121970,7.810,100,781.000,549873,553295,249776,5,S,780630
600000,20220426093121970,7.810,100,781.000,550081,553295,249777,5,S,780631
600000,20220426093122070,7.800,400,3120.000,523525,553432,249873,5,S,780846
600000,20220426093122070,7.800,100,780.000,528181,553432,249874,5,S,780847
600000,20220426093122070,7.800,100,780.000,528362,553432,249875,5,S,780848
600000,20220426093122070,7.800,100,780.000,528368,553432,249876,5,S,780849
600000,20220426093122070,7.800,100,780.000,528369,553432,249877,5,S,780850
600000,20220426093122070,7.800,200,1560.000,528625,553432,249878,5,S,780851
600000,20220426093122070,7.800,400,3120.000,528847,553432,249879,5,S,780852
600000,20220426093122070,7.800,200,1560.000,528849,553432,249880,5,S,780853
600000,20220426093122070,7.800,200,1560.000,528854,553432,249881,5,S,780854
600000,20220426093122070,7.800,100,780.000,528859,553432,249882,5,S,780855
600000,20220426093122070,7.800,200,1560.000,528905,553432,249883,5,S,780856
600000,20220426093122070,7.800,100,780.000,528948,553432,249884,5,S,780857
600000,20220426093122070,7.800,100,780.000,529387,553432,249885,5,S,780858
600000,20220426093122070,7.800,200,1560.000,529391,553432,249886,5,S,780859
600000,20220426093122070,7.800,100,780.000,529713,553432,249887,5,S,780860
600000,20220426093122070,7.800,100,780.000,530523,553432,249888,5,S,780861
600000,20220426093122070,7.800,100,780.000,530525,553432,249889,5,S,780862
600000,20220426093122070,7.800,400,3120.000,530559,553432,249890,5,S,780863
600000,20220426093122070,7.800,100,780.000,530661,553432,249891,5,S,780864
600000,20220426093122070,7.800,200,1560.000,531208,553432,249892,5,S,780865
600000,20220426093122070,7.800,100,780.000,531390,553432,249893,5,S,780866
600000,20220426093122070,7.800,200,1560.000,532263,553432,249894,5,S,780867
600000,20220426093122070,7.800,400,3120.000,533103,553432,249895,5,S,780868
600000,20220426093122290,7.820,100,782.000,553791,465920,250281,5,B,781552
600000,20220426093122290,7.820,500,3910.000,553791,477723,250282,5,B,781553
600000,20220426093122670,7.810,1400,10934.000,554478,553898,250913,5,B,782770
600000,20220426093122670,7.810,100,781.000,554479,553898,250914,5,B,782771
600000,20220426093123110,7.810,4000,31240.000,555178,553898,251456,5,B,784009
600000,20220426093123110,7.810,2000,15620.000,555178,553955,251457,5,B,784010
600000,20220426093123110,7.820,3000,23460.000,555178,477723,251458,5,B,784011
600000,20220426093123220,7.820,1700,13294.000,555404,477723,251672,5,B,784435
600000,20220426093123610,7.800,600,4680.000,533103,557463,253046,5,S,787526
600000,20220426093123610,7.800,1800,14040.000,535259,557463,253047,5,S,787527
600000,20220426093123610,7.800,500,3900.000,535740,557463,253048,5,S,787528
600000,20220426093123660,7.800,1200,9360.000,535740,557951,253325,5,S,788214
600000,20220426093124020,7.810,100,781.000,560061,557418,254480,5,B,791378
600000,20220426093124020,7.810,100,781.000,560061,557722,254481,5,B,791379
600000,20220426093124020,7.810,100,781.000,560061,557922,254482,5,B,791380
600000,20220426093124020,7.810,100,781.000,560061,558007,254483,5,B,791381
600000,20220426093124020,7.810,100,781.000,560061,558150,254484,5,B,791382
600000,20220426093124070,7.800,400,3120.000,535740,560222,254591,5,S,791655
600000,20220426093124570,7.800,1700,13260.000,535740,561153,255291,5,S,793216
600000,20220426093126620,7.800,600,4680.000,535740,566699,259295,5,S,802243
600000,20220426093126650,7.800,5200,40560.000,535740,566833,259339,5,S,802415
600000,20220426093126680,7.810,100,781.000,567209,558153,259570,5,B,802954
600000,20220426093126680,7.810,100,781.000,567209,558214,259571,5,B,802955
600000,20220426093126680,7.810,100,781.000,567209,558345,259572,5,B,802956
600000,20220426093126680,7.810,100,781.000,567209,558520,259573,5,B,802957
600000,20220426093126680,7.810,100,781.000,567209,558784,259574,5,B,802958
600000,20220426093126680,7.810,100,781.000,567209,561374,259575,5,B,802959
600000,20220426093126680,7.810,100,781.000,567209,561379,259576,5,B,802960
600000,20220426093127070,7.810,100,781.000,569092,561388,260703,5,B,805896
600000,20220426093127070,7.810,400,3124.000,569092,562496,260704,5,B,805897
600000,20220426093128410,7.800,400,3120.000,535740,571846,262887,5,S,810642
600000,20220426093128410,7.800,1300,10140.000,544862,571846,262888,5,S,810643
600000,20220426093128410,7.800,1000,7800.000,547099,571846,262889,5,S,810644
600000,20220426093128410,7.800,1500,11700.000,554104,571846,262890,5,S,810645
600000,20220426093128490,7.800,300,2340.000,554104,571952,262964,5,S,810813
600000,20220426093128640,7.810,500,3905.000,572281,562496,263226,5,B,811340
600000,20220426093128640,7.810,300,2343.000,572281,566337,263227,5,B,811341
600000,20220426093128640,7.810,100,781.000,572281,566490,263228,5,B,811342
600000,20220426093128640,7.810,200,1562.000,572281,566719,263229,5,B,811343
600000,20220426093128640,7.810,100,781.000,572281,566952,263230,5,B,811344
600000,20220426093128640,7.810,1100,8591.000,572281,567496,263231,5,B,811345
600000,20220426093128720,7.810,100,781.000,572411,567496,263357,5,B,811577
600000,20220426093129160,7.810,100,781.000,573289,571036,264003,5,B,813132
600000,20220426093129160,7.810,300,2343.000,573289,571120,264004,5,B,813133
600000,20220426093129160,7.810,300,2343.000,573289,571465,264005,5,B,813134
600000,20220426093129160,7.810,1100,8591.000,573289,572899,264006,5,B,813135
600000,20220426093129160,7.820,3200,25024.000,573289,477723,264007,5,B,813136
600000,20220426093129620,7.800,200,1560.000,554104,575321,265243,5,S,816275
600000,20220426093129620,7.800,5000,39000.000,556794,575321,265244,5,S,816276
600000,20220426093129620,7.800,200,1560.000,557735,575321,265245,5,S,816277
600000,20220426093129620,7.800,100,780.000,557893,575321,265246,5,S,816278
600000,20220426093129620,7.800,100,780.000,558287,575321,265247,5,S,816279
600000,20220426093129620,7.800,100,780.000,558320,575321,265248,5,S,816280
600000,20220426093129620,7.800,100,780.000,558717,575321,265249,5,S,816281
600000,20220426093129620,7.800,100,780.000,558720,575321,265250,5,S,816282
600000,20220426093129620,7.800,200,1560.000,558781,575321,265251,5,S,816283
600000,20220426093129640,7.800,100,780.000,558781,575850,265465,5,S,817051
600000,20220426093129640,7.800,200,1560.000,560657,575850,265466,5,S,817052
600000,20220426093129640,7.800,100,780.000,561494,575850,265467,5,S,817053
600000,20220426093130540,7.810,900,7029.000,579130,573806,267457,5,B,822079
600000,20220426093130540,7.810,100,781.000,579130,575524,267458,5,B,822080
600000,20220426093130540,7.810,200,1562.000,579130,575975,267459,5,B,822081
600000,20220426093130540,7.810,200,1562.000,579130,576039,267460,5,B,822082
600000,20220426093132200,7.800,200,1560.000,561494,582067,269758,5,S,827098
600000,20220426093132620,7.800,500,3900.000,561494,584073,270892,5,S,830053
600000,20220426093132620,7.800,3000,23400.000,563382,584073,270893,5,S,830054
600000,20220426093132620,7.800,1300,10140.000,564953,584073,270894,5,S,830055
600000,20220426093132620,7.800,100,780.000,566174,584073,270895,5,S,830056
600000,20220426093132620,7.800,100,780.000,566939,584073,270896,5,S,830057
600000,20220426093132700,7.800,100,780.000,566940,585016,271323,5,S,831428
600000,20220426093132700,7.800,100,780.000,566961,585016,271324,5,S,831429
600000,20220426093132700,7.800,100,780.000,567319,585016,271325,5,S,831430
600000,20220426093133480,7.810,100,781.000,587675,576402,273368,5,B,835934
600000,20220426093133480,7.810,100,781.000,587675,576501,273369,5,B,835935
600000,20220426093133480,7.810,100,781.000,587675,577592,273370,5,B,835936
600000,20220426093133480,7.810,1400,10934.000,587675,578971,273371,5,B,835937
600000,20220426093133920,7.810,1200,9372.000,588458,578971,273887,5,B,837159
600000,20220426093133920,7.810,400,3124.000,588458,580619,273888,5,B,837160
600000,20220426093134780,7.810,100,781.000,590030,580619,275210,5,B,839970
600000,20220426093134780,7.810,100,781.000,590030,583764,275211,5,B,839971
600000,20220426093134780,7.810,100,781.000,590030,584135,275212,5,B,839972
600000,20220426093134780,7.810,100,781.000,590030,584142,275213,5,B,839973
600000,20220426093134780,7.810,200,1562.000,590030,584693,275214,5,B,839974
600000,20220426093134780,7.810,100,781.000,590030,585966,275215,5,B,839975
600000,20220426093134780,7.810,1000,7810.000,590030,586742,275216,5,B,839976
600000,20220426093135580,7.800,4500,35100.000,568807,592265,276673,5,S,843646
600000,20220426093135580,7.800,100,780.000,571118,592265,276674,5,S,843647
600000,20220426093135580,7.800,100,780.000,571471,592265,276675,5,S,843648
600000,20220426093135580,7.800,100,780.000,576280,592265,276676,5,S,843649
600000,20220426093135580,7.800,200,1560.000,579520,592265,276677,5,S,843650
600000,20220426093135640,7.800,100,780.000,579520,593214,277212,5,S,845017
600000,20220426093135640,7.800,2000,15600.000,580578,593214,277213,5,S,845018
600000,20220426093135680,7.800,600,4680.000,580578,593542,277469,5,S,845564
600000,20220426093135810,7.810,200,1562.000,594417,586742,278093,5,B,846989
600000,20220426093135810,7.810,200,1562.000,594417,588281,278094,5,B,846990
600000,20220426093135810,7.810,400,3124.000,594417,589932,278095,5,B,846991
600000,20220426093135810,7.810,200,1562.000,594417,591690,278096,5,B,846992
600000,20220426093137720,7.800,500,3900.000,580578,598176,280574,5,S,853070
600000,20220426093137820,7.800,400,3120.000,580578,598352,280780,5,S,853455
600000,20220426093138480,7.800,300,2340.000,580578,599892,281686,5,S,855857
600000,20220426093138510,7.800,1200,9360.000,580578,600074,281782,5,S,856135
600000,20220426093138510,7.800,400,3120.000,584188,600074,281783,5,S,856136
600000,20220426093138510,7.800,100,780.000,584658,600074,281784,5,S,856137
600000,20220426093138510,7.800,1100,8580.000,590318,600074,281785,5,S,856138
600000,20220426093138610,7.800,1400,10920.000,590318,600855,282255,5,S,857379
600000,20220426093138610,7.800,300,2340.000,590956,600855,282256,5,S,857380
600000,20220426093138610,7.800,100,780.000,592930,600855,282257,5,S,857381
600000,20220426093138660,7.800,100,780.000,593649,601164,282387,5,S,857855
600000,20220426093138660,7.800,500,3900.000,596401,601164,282388,5,S,857856
600000,20220426093138660,7.800,200,1560.000,596448,601164,282389,5,S,857857
600000,20220426093138660,7.800,2000,15600.000,597554,601164,282390,5,S,857858
600000,20220426093138660,7.800,2500,19500.000,599027,601164,282391,5,S,857859
600000,20220426093141610,7.800,1700,13260.000,599027,609429,288212,5,S,871106
600000,20220426093141610,7.800,100,780.000,602031,609479,288231,5,S,871181
600000,20220426093141610,7.800,3700,28860.000,602692,609479,288232,5,S,871182
600000,20220426093142370,7.800,1300,10140.000,602692,612394,290052,5,S,876064
600000,20220426093142370,7.800,100,780.000,603290,612394,290053,5,S,876065
600000,20220426093142370,7.800,200,1560.000,604674,612394,290054,5,S,876066
600000,20220426093142370,7.800,1400,10920.000,605275,612394,290055,5,S,876067
600000,20220426093143890,7.810,100,781.000,614715,592569,291744,5,B,879895
600000,20220426093143890,7.810,100,781.000,614715,593107,291745,5,B,879896
600000,20220426093143890,7.810,100,781.000,614715,593149,291746,5,B,879897
600000,20220426093143890,7.810,100,781.000,614715,593533,291747,5,B,879898
600000,20220426093143890,7.810,100,781.000,614715,593709,291748,5,B,879899
600000,20220426093143890,7.810,100,781.000,614715,593921,291749,5,B,879900
600000,20220426093143890,7.810,500,3905.000,614715,598393,291750,5,B,879901
600000,20220426093143890,7.810,100,781.000,614715,600510,291751,5,B,879902
600000,20220426093143890,7.810,100,781.000,614715,600848,291752,5,B,879903
600000,20220426093143890,7.810,100,781.000,614715,601399,291753,5,B,879904
600000,20220426093143890,7.810,100,781.000,614715,601582,291754,5,B,879905
600000,20220426093143890,7.810,100,781.000,614715,603366,291755,5,B,879906
600000,20220426093143890,7.810,100,781.000,614715,608077,291756,5,B,879907
600000,20220426093143890,7.810,100,781.000,614715,609714,291757,5,B,879908
600000,20220426093143890,7.810,200,1562.000,614715,610164,291758,5,B,879909
600000,20220426093143890,7.810,100,781.000,614715,611066,291759,5,B,879910
600000,20220426093144400,7.810,4000,31240.000,614715,615981,292469,5,S,881793
600000,20220426093144520,7.810,100,781.000,614715,616396,292663,5,S,882371
600000,20220426093144600,7.810,1900,14839.000,614715,616981,293040,5,S,883317
600000,20220426093144720,7.810,1700,13277.000,614715,617808,293456,5,S,884538
600000,20220426093144970,7.810,200,1562.000,614715,618910,294062,5,S,886240
600000,20220426093144970,7.810,100,781.000,617015,618910,294063,5,S,886241
600000,20220426093144970,7.810,100,781.000,617490,618910,294064,5,S,886242
600000,20220426093144970,7.810,100,781.000,617645,618910,294065,5,S,886243
600000,20220426093145920,7.810,3400,26554.000,620617,618910,295314,5,B,889153
600000,20220426093145920,7.810,2500,19525.000,620617,619568,295315,5,B,889154
600000,20220426093145950,7.800,100,780.000,605275,620654,295329,5,S,889208
600000,20220426093146280,7.800,100,780.000,605275,621150,295733,5,S,890071
600000,20220426093147610,7.800,400,3120.000,605275,624476,297840,5,S,895239
600000,20220426093148430,7.800,100,780.000,605275,627552,299852,5,S,900167
600000,20220426093150620,7.800,300,2340.000,605275,632678,303390,5,S,908231
600000,20220426093150620,7.800,3000,23400.000,606490,632678,303391,5,S,908232
600000,20220426093150620,7.800,100,780.000,610043,632678,303392,5,S,908233
600000,20220426093150620,7.800,100,780.000,610138,632678,303393,5,S,908234
600000,20220426093150620,7.800,5000,39000.000,611681,632678,303394,5,S,908235
600000,20220426093150620,7.800,1500,11700.000,613474,632678,303395,5,S,908236
600000,20220426093150620,7.800,200,1560.000,613781,632678,303396,5,S,908237
600000,20220426093150620,7.800,800,6240.000,624783,632678,303397,5,S,908238
600000,20220426093150620,7.800,100,780.000,625334,632678,303398,5,S,908239
600000,20220426093150620,7.800,5000,39000.000,630505,632678,303399,5,S,908240
600000,20220426093150620,7.790,1000,7790.000,105101,632678,303400,5,S,908241
600000,20220426093150620,7.790,5800,45182.000,112918,632678,303401,5,S,908242
600000,20220426093150680,7.800,100,780.000,632957,633293,303774,5,S,909221
600000,20220426093151090,7.800,300,2340.000,634893,633293,304867,5,B,911806
600000,20220426093152720,7.810,100,781.000,637822,624424,307375,5,B,916654
600000,20220426093152720,7.810,100,781.000,637822,624455,307376,5,B,916655
600000,20220426093152720,7.810,100,781.000,637822,624737,307377,5,B,916656
600000,20220426093152720,7.810,600,4686.000,637822,625145,307378,5,B,916657
600000,20220426093152720,7.810,100,781.000,637822,625707,307379,5,B,916658
